2950 5147
1466 412 1879 486 ...544-

609 579 875 655 secanti,
931 593 1010 638 ex
1045 593 1296 655 quarum
1337 577 1801 638 identificatione
1848 576 2131 653 gignitur
2168 577 2513 651 praesentia
2549 581 2722 640 raeti
2738 624 2760 659 ,

612 702 772 764 quae
803 691 894 746 est
934 702 1119 745 causa
1153 689 1515 746 futurorum.
1599 687 1695 745 Cr.
1736 682 1803 759 3.
1844 680 1952 743 41.
1994 686 2201 746 Schol.

616 872 619 873 ⁷
689 795 830 854 XX.
909 797 1124 854 Utrum
1159 795 1337 854 datur
1374 797 1436 854 in
1480 800 1745 868 tempore
1784 809 2021 867 semper
2049 811 2172 852 una
2195 796 2524 868 eademque
2549 810 2765 870 prae-

611 901 837 978 sentia,
879 917 956 959 en
995 902 1374 975 praesentiae
1413 900 1696 959 diversae
1736 897 2250 958 innumerabiles?

730 1007 914 1078 Resp.
995 1008 1070 1064 In
1111 1008 1372 1078 tempore
1414 1005 1564 1062 vivo
1606 1006 1783 1063 datur
1819 1019 1937 1062 non
1986 1004 2101 1061 nisi
2132 1019 2255 1061 una
2295 1003 2625 1078 eademque
2678 1000 2756 1076 3.

615 1110 713 1171 42
733 1152 751 1185 ,
789 1110 852 1169 in
880 1115 1145 1183 tempore
1176 1109 1456 1167 historico
1489 1113 1688 1166 autem
1715 1108 1993 1166 diversae
2021 1106 2501 1166 innumerabiles.
2541 1104 2609 1181 3.
2637 1104 2763 1167 41.

613 1289 623 1299 ⁸
690 1218 864 1301 XXI.
943 1220 1157 1278 Utrum
1199 1216 1378 1275 detur
1417 1217 1479 1274 in
1507 1216 1861 1288 *praesentia
1902 1215 2171 1272 extensio
2198 1213 2436 1289 eliqua,
2467 1230 2587 1274 nec
2616 1211 2757 1275 ne?

731 1325 914 1396 Resp.
940 1325 1291 1382 Praesentia
1320 1322 1603 1381 historica
1625 1327 1715 1380 est
1741 1322 1898 1380 omni
1923 1321 2273 1380 extensione
2298 1322 2491 1383 minor
2512 1317 2581 1393 3.
2599 1320 2754 1397 25.,

613 1427 723 1486 sed
764 1429 1107 1501 praesentis
1147 1428 1299 1486 viva
1339 1432 1431 1485 est
1473 1427 1630 1484 omni
1679 1422 2031 1484 extensione
2074 1425 2267 1496 major
2303 1422 2367 1499 3.
2399 1410 2754 1503 dercon-

614 1535 813 1593 tineus
852 1535 932 1593 in⁴
956 1551 1024 1593 se
1062 1551 1290 1594 omnem
1332 1541 1660 1607 temporum
1685 1533 1964 1592 ambitum
2000 1530 2068 1606 3.
2111 1534 2231 1598 48.
2273 1538 2335 1592 et
2384 1534 2751 1615 universa-m

612 1656 816 1700 rerum
856 1647 1110 1704 naturae
1152 1643 1530 1702 existentiam
1571 1639 1633 1713 3.
1679 1636 1836 1705 106.

693 1749 901 1813 XXII.
983 1749 1111 1809 Cur
1176 1751 1372 1810 omnia
1431 1755 1697 1822 tempora
1750 1753 1893 1808 sunt
1954 1752 2159 1823 partes
2208 1742 2399 1808 nnius
2460 1734 2746 1821 eJusden

616 1857 900 1929 temporis
922 1854 954 1913 9
2733 1938 2736 1941 Α

730 1965 915 2035 Resp.
997 1963 1153 2032 Quia
1179 1968 1413 2036 tempus
1454 1969 1547 2022 est
1597 1980 1704 2022 ens
1731 1946 2134 2039 'compositum
2171 1963 2469 2023 extribus
2504 1962 2743 2047 princi-5

612 2067 730 2142 piis
756 2069 1182 2142 metaphysicis
1220 2068 1282 2142 3.
1327 2071 1454 2148 87,
1498 2070 1716 2145 quibus
1749 2078 1843 2131 est
1884 2073 2205 2131 existentia
2242 2071 2548 2148 simplex,·
2570 2069 2744 2129 indi-

613 2173 907 2232 vidualis.
1220 2152 1227 2159 ’
1765 2154 1768 2159 “

690 2278 932 2336 XXIII.
1015 2278 1141 2336 Cur
1177 2279 1386 2352 plures
1437 2279 1718 2353 temporis
1757 2283 1961 2352 partes
2014 2296 2133 2338 non
2172 2283 2426 2353 possunt
2467 2294 2605 2339 esse
2644 2278 2743 2353 uzi-‚-

613 2384 774 2457 mul‚
813 2384 921 2441 sed
961 2386 1159 2443 altera
1197 2402 1313 2444 non
1354 2387 1470 2444 nisi
1511 2392 1644 2460 post
1681 2383 1983 2446 alteram?

734 2489 893 2560 fluia
916 2533 933 2565 ,
975 2491 1028 2547 si
1069 2492 1276 2564 plures
1306 2555 1310 2559 ,
1324 2492 1701 2565 praesentiae
1743 2495 1947 2550 essent
1992 2491 2202 2566 simul,
2259 2492 2437 2564 plura
2473 2494 2744 2563 tempore

613 2593 820 2654 essent
855 2599 1068 2671 simul,
1127 2599 1288 2672 quod
1331 2616 1446 2657 non
1492 2601 1626 2657 fieri
1672 2616 1846 2674 posse
1887 2600 2090 2657 elucet
2142 2614 2220 2657 ex
2265 2600 2449 2670 Resp.
2494 2597 2572 2653 ed
2618 2598 2740 2669 Ωιι.

611 2704 821 2766 XXII.
876 2706 1281 2765 Nihilominus
1324 2713 1522 2766 tamen
1552 2708 1971 2785 praeteritum,
2010 2722 2297 2782 praesens
2331 2710 2393 2763 et
2426 2708 2742 2780 futurum,

615 2826 771 2885 quae
815 2812 877 2872 in
914 2820 1175 2887 tempore
1215 2816 1495 2874 historico
1542 2816 1811 2874 existunt
1847 2832 1964 2874 non
2005 2815 2122 2873 nisi
2175 2816 2433 2873 alterum
2471 2816 2606 2886 post
2637 2812 2744 2869 nl-

614 2919 807 2973 terum
856 2918 926 2990 S.
984 2920 1111 2993 37,
1180 2920 1242 2976 in
1285 2925 1550 2993 tempore
1591 2920 1737 2977 vivo
1786 2920 2054 2977 existunt
2099 2920 2281 2976 simul
2316 2916 2377 2990 3.
2423 2919 2554 2994 38,
2618 2931 2742 2991 quo

615 3022 908 3096 efficitur,
971 3029 1040 3082 ut
1079 3027 1421 3097 praesentia
1474 3027 1671 3084 altera
1714 3040 1949 3098 semper
1988 3025 2067 3083 sit
2115 3025 2323 3083 eadem
2367 3041 2504 3082 cum
2544 3025 2744 3081 altera

622 3130 686 3184 et
725 3126 971 3184 diversa
999 3127 1072 3184 ab
1106 3131 1334 3200 altera,
1376 3131 1512 3187 sive
1551 3133 1619 3187 ut
1650 3131 1989 3202 praesentia
2013 3130 2207 3186 altera
2230 3129 2310 3187 sit
2340 3128 2520 3186 simul
2550 3142 2743 3201 prae-

615 3246 759 3290 sens
798 3235 859 3290 et
896 3248 1010 3289 non
1053 3248 1360 3304 praesens.
1388 3231 1466 3305 3.
1505 3229 1610 3291 17.
1652 3237 1858 3293 Schol.
1899 3238 1993 3295 Cf.
2037 3237 2104 3309 S.
2147 3230 2257 3296 41.
2300 3233 2415 3314 45.

690 3337 929 3395 XXIV.
1014 3335 1140 3392 Cur
1179 3350 1298 3393 non
1329 3353 1647 3410 possumus
1688 3339 2107 3412 cogitationem
2134 3336 2436 3398 abducere
2469 3334 2543 3407 ab
2577 3336 2744 3396 omni

616 3447 882 3516 tempore
903 3440 935 3500 ’ἐ

734 3550 922 3623 Resp.
1004 3548 1161 3619 fluia
1188 3565 1304 3608 non
1333 3566 1649 3624 possumus
1679 3549 1983 3609 abducere
2023 3549 2447 3625 cogitationem
2483 3565 2520 3607 a
2545 3539 2740 3621 pree-‘-

618 3656 819 3714 sentia
860 3657 1044 3731 viva,
1102 3657 1165 3714 in
1207 3673 1327 3731 qua
1368 3659 1556 3716 omnis
1604 3660 1886 3733 cogitatio
1930 3658 2154 3717 existit.
2236 3655 2301 3734 3.
2350 3657 2466 3720 60.
2522 3654 2627 3714 lin.
2670 3654 2740 3712 6.

694 3762 893 3821 XXV.
977 3764 1103 3821 Cur
1144 3767 1376 3835 tempus
1416 3761 1597 3821 habet
1634 3781 1751 3822 non
1794 3765 1909 3822 nisi
1951 3780 2129 3840 unam
2172 3759 2596 3848 dimensionem
2625 3760 2740 3819 in-

615 3872 742 3926 star
780 3866 1023 3928 lineae?
1073 3873 1154 3928 Et
1192 3886 1304 3927 cur
1344 3869 1405 3927 in
1444 3869 1560 3925 hac
1599 3871 1763 3928 linea
1803 3888 1925 3932 una
1963 3872 2095 3929 sola
2135 3875 2229 3929 est
2267 3870 2549 3944 directio,
2610 3881 2737 3943 qua

615 3976 808 4033 tendit
847 3993 884 4031 a
925 3978 1247 4046 praeterito
1288 3977 1349 4050 ir.
1389 3975 1717 4034 futurum?
2442 3990 2448 3994 ’

733 4082 916 4151 Resp.
1001 4079 1128 4140 Cur
1160 4080 1221 4136 in
1253 4081 1366 4137 hac
1399 4080 1563 4137 linea
1596 4065 1719 4136 una
1758 4082 1890 4140 sola
1925 4080 2172 4139 directio
2210 4079 2320 4153 sit,
2360 4079 2496 4137 scil.
2539 4082 2740 4142 motus

616 4198 695 4239 ex
734 4183 1055 4256 praeterito
1090 4181 1156 4239 in
1189 4185 1497 4264 futurum,
1536 4182 2164 4246 demonstravimus-in
2201 4181 2265 4256 3.
2292 4178 2440 4245 101.
2511 4176 2585 4260 1)
2617 4182 2742 4254 Qui

615 4292 810 4348 motus
852 4289 1009 4372 idem
1042 4288 1212 4350 nobis
1244 4290 1431 4369 ‚etiam
1485 4290 1741 4365 porrigit
1783 4291 2104 4376 imaginem
2150 4290 2394 4378 lineae,
2435 4289 2580 4366 quie
2604 4304 2739 4378 oin-7
