2950 5147
1447 436 1874 545 ...ω-ξ

709 635 989 700 Mundus
1051 635 1370 699 memoriae
1431 637 1866 698 incrementum
1914 632 2135 710 accipit
2168 649 2206 695 e
2260 632 2483 697 mdo
2523 635 2717 695 exis-

595 743 840 806 tentiae.
2625 728 2632 737 ⁶

714 848 887 910 Unde
923 848 1229 926 efficitur,
1269 855 1339 913 ut

749 956 1012 1027 mundus
1066 959 1381 1016 memoriae
1433 971 1672 1031 semper
1727 961 1984 1032 crescat,
2053 969 2253 1032 neque
2319 955 2714 1037 diminuatur,

833 1076 1034 1136 neque
1064 1067 1363 1137 mutetur,
2596 1124 2601 1131 ‚

752 1168 1015 1229 mundus
1095 1169 1318 1227 virium
1388 1182 1627 1241 semper
1699 1166 2097 1241 diminuatur,
2189 1180 2392 1240 neque
2472 1171 2717 1226 crescat

832 1289 1032 1348 neque
1067 1280 1361 1349 mutetur,

755 1380 1014 1437 mundus
1057 1369 1311 1439 naturae
1348 1395 1587 1453 semper
1628 1384 1924 1455 mutetur,
1963 1394 2166 1457 neque
2218 1385 2456 1437 crescat
2506 1394 2711 1454 neque

838 1486 1221 1548 diminuatur.
1563 1548 1568 1553 ,

716 1590 779 1665 §-
805 1589 952 1651 101.
1031 1597 1128 1659 Ex
1154 1594 1248 1653 his
1289 1594 1547 1653 efficitur
1583 1592 1809 1667 duplex
1839 1597 2035 1651 motus
2059 1593 2122 1651 in
2161 1598 2456 1665 tempore:

717 1695 788 1771 1)
828 1701 1045 1761 Motus
1075 1697 1384 1775 formalis
1413 1701 1695 1773 temporis
1721 1699 1991 1757 historici
2017 1715 2054 1756 a
2082 1699 2403 1772 praeterito
2432 1698 2498 1757 in
2525 1712 2713 1773 prae-

591 1821 737 1865 sens
771 1810 832 1865 et
862 1823 900 1864 a
928 1812 1245 1879 praesente
1277 1807 1340 1864 in
1365 1809 1659 1865 futurum.
1737 1806 1810 1879 §-
1851 1807 1968 1870 23.

752 1913 908 1972 Nam
947 1913 1000 1970 si
1038 1913 1219 1969 seriei
1258 1914 1319 1969 in
1349 1911 1501 1970 duas
1540 1919 1741 1987 partes
1766 1915 2019 1986 partitae
2054 1914 2248 1971 altera
2291 1928 2432 1984 pars
2465 1912 2708 1984 crescit,

756 2018 951 2076 altera
992 2023 1193 2077 autem
1220 2019 1568 2077 diminuitur
1598 2024 1860 2094 tantum,
1909 2025 2198 2094 quantum
2229 2020 2424 2077 altera
2455 2019 2707 2076 crescit:

759 2125 1049 2182 terminus
1105 2126 1263 2184 inter
1311 2132 1602 2201 utrasque
1654 2125 1728 2200 (i.
1765 2143 1820 2187 e.
1873 2118 2250 2199 praesentia)
2295 2124 2637 2195 movebitur
2670 2141 2712 2181 a

751 2237 925 2304 parte
960 2239 1273 2292 crescente
1313 2228 1706 2308 (praeterito)
1745 2235 1807 2294 in
1841 2239 2103 2310 partem,
2149 2249 2305 2308 qnae
2355 2232 2713 2291 diminuitur

752 2335 1122 2410 (futurum).

716 2441 800 2518 2)
841 2445 1060 2507 Motus
1111 2440 1549 2507 existentialis
1595 2449 1874 2521 temporis
1926 2447 2126 2506 vivia
2163 2450 2373 2506 futuro
2413 2442 2477 2505 in
2523 2461 2711 2521 prae-
2809 2505 2814 2509 .

594 2563 740 2609 sens
780 2553 909 2609 eta
932 2555 1247 2623 praesente
1284 2552 1347 2610 in
1378 2552 1788 2625 praeteritum.
1869 2548 1935 2624 §-
1980 2551 2099 2611 24.

753 2656 987 2732 Quippe
1031 2657 1239 2736 vires,
1285 2657 1542 2717 simulac
1584 2662 1812 2734 agunt,
1852 2661 2162 2720 mutantur
2205 2657 2267 2714 in
2328 2613 2599 2720 actiones
2650 2661 2711 2714 et

756 2763 1087 2840 producta,
1147 2768 1210 2822 et
1258 2765 1559 2840 actiones,
1611 2757 1869 2822 simulac
1919 2766 2241 2842 apparent,
2286 2764 2597 2820 mutantur
2645 2761 2708 2819 in

749 2866 1048 2944 imagines
1084 2868 1423 2927 memoriae.

756 2975 1011 3048 Utrique
1047 2980 1243 3032 motus
1276 2975 1434 3032 inter
1451 2990 1522 3032 se
1553 2972 1859 3047 conjuncti
1879 2975 2059 3048 plane
2088 2971 2394 3045 explicant
2421 2970 2711 3046 symbola,

592 3055 755 3151 quae
821 3080 992 3139 nobis
1052 3086 1378 3140 occurrunt
1432 3081 1499 3139 in
1553 3080 2026 3154 contemplandis
2080 3081 2358 3153 temporis
2417 3077 2710 3154 partibus.

754 3185 938 3243 Namt
2708 3187 2717 3195 ⁶

717 3302 784 3378 9.
829 3301 985 3367 102.
1069 3307 1506 3372 Praeteritum
1546 3318 1639 3371 est
1665 3319 1932 3391 tempus,
1973 3314 2034 3375 in
2064 3315 2224 3390 quod
2253 3314 2447 3373 omnia
2477 3314 2715 3372 confiu-

596 3413 740 3484 unt‚
785 3416 847 3468 et
878 3412 1040 3486 quod
1071 3417 1321 3490 crescit,
1363 3416 1504 3475 dum
1537 3432 1776 3492 semper
1809 3419 1986 3491 plura
2014 3419 2075 3478 in
2098 3435 2167 3478 se
2199 3421 2413 3492 recipit
2446 3424 2511 3477 et
2559 3434 2716 3477 con-

595 3522 839 3596 servat,
876 3520 1051 3592 quasi
1091 3525 1458 3581 stomachus
1502 3525 1714 3581 edens·
1754 3524 1849 3583 Cf.
1894 3524 2039 3598 Cap.
2066 3528 2134 3614 Ι..
2165 3526 2263 3597 Qu
2300 3526 2470 3583 XIV.
2529 3523 2530 3528 ’
2653 3507 2658 3512 ‘

714 3623 787 3696 S.
833 3619 988 3682 103.
1066 3626 1384 3687 Praesens
1427 3634 1522 3688 est
1559 3635 1828 3706 tempus,
1866 3633 1929 3691 in
1967 3647 2085 3706 quo
2125 3637 2217 3691 est
2261 3634 2520 3691 variatio
2565 3636 2712 3692 tan-

599 3742 775 3801 quam
805 3737 997 3791 motns
1030 3731 1104 3791 ab
1138 3734 1330 3792 altero
1357 3735 1555 3795 latere
1584 3739 1645 3797 in
1676 3739 1969 3815 alterum,
2010 3742 2153 3818 quia
2186 3740 2248 3799 in
2269 3746 2496 3816 puncto
2526 3755 2712 3815 prae-

597 3834 831 3893 sentiae
858 3835 972 3896 sibi
998 3843 1328 3898 occurrunt
1354 3845 1548 3900 motus
1580 3857 1615 3901 e
1641 3846 1964 3917 praeterito
2002 3846 2061 3903 in
2088 3848 2364 3906 futurum
2404 3850 2466 3905 ct
2516 3831 2739 3914 motus'

600 3954 638 3998 e
661 3942 868 3999 futuro
900 3941 964 4001 in
994 3946 1403 4017 praeteritum.
1487 3951 1617 4021 Quo
1651 3948 1914 4014 eflicitur
1950 3954 2151 4032 imago
2173 3955 2572 4024 osculationis
2595 3934 2715 4014 cuss
2732 3995 2747 4019 .-

592 4044 834 4118 jnsdam
850 4090 867 4123 ,
914 4049 1070 4108 utin
1105 4048 1393 4118 animale
1430 4066 1754 4118 currente.
1819 4059 1916 4119 Cf.
1959 4061 2004 4117 1.
2044 4075 2099 4119 c.

718 4151 786 4228 8.
833 4153 999 4214 104.
1079 4158 1411 4219 Futurum
1451 4165 1547 4219 est
1592 4166 1857 4240 tempus,
1915 4180 1996 4223 ex
2053 4181 2174 4241 quo
2215 4164 2429 4225 ’omnia
2474 4166 2675 4225 fluunt
2696 4138 2725 4242 ,‘

599 4266 664 4319 et
701 4262 861 4338 quod
900 4263 1037 4328 ideo
1072 4271 1445 4345 evacuatur,
1486 4269 1662 4344 quasi
1692 4286 1808 4332 vas
1844 4274 2103 4334 effusum
2149 4277 2263 4334 aut
2301 4268 2541 4337 mulier
2573 4291 2714 4348 pa-

600 4363 799 4427 riens.
878 4371 973 4429 Cf.
1011 4373 1050 4430 l.
1084 4384 1142 4434 ο.
