2950 5147
1424 453 1839 513 ...4,8...

558 680 561 691 ¹
687 603 929 691 80161.
985 610 1057 666 In
1100 605 1414 665 intuitione
1457 605 1755 679 apriorica
1801 604 2084 677 temporis
2134 603 2404 662 historici
2456 609 2700 678 tempus

568 720 818 790 apparet
856 721 926 773 ut
961 715 1155 772 series
1192 715 1642 772 successionum
1684 714 1875 770 instar
1907 712 2111 784 puncti
2140 711 2282 768 moti
2323 725 2432 783 per
2469 710 2699 781 lineam

573 837 612 879 a
651 820 844 878 latere
883 820 1208 892 praeterito
1251 819 1310 876 in
1352 821 1515 877 latus
1555 821 1853 875 futurum.
1896 814 1957 888 3.
1982 817 2098 873 33.
2131 810 2241 874 41.

688 920 751 995 Β.
784 917 940 984 162.
984 924 1049 980 Si
1090 922 1299 980 definis
1329 924 1485 980 hanc
1513 923 1728 978 seriem
1758 922 2209 978 successionum
2240 916 2512 976 omnibus
2554 916 2700 988 ejus

570 1030 728 1090 notis
770 1035 952 1087 acute
993 1030 1334 1106 perpensis,
1377 1030 1589 1087 incidis
1624 1030 1686 1089 in
1716 1030 1922 1086 Kantii
1966 1028 2364 1086 definitionem
2412 1029 2699 1099 temporis

573 1142 642 1194 ut
680 1137 1013 1194 intuitionis
1055 1152 1091 1191 a
1131 1137 1351 1209 priori,
1392 1152 1549 1210 quae
1598 1136 1861 1194 definitio
1904 1142 1996 1193 est
2022 1134 2192 1207 justa
2230 1134 2427 1208 quoad
2462 1140 2703 1204 tempus

573 1242 918 1299 historicum
941 1255 1054 1298 seu
1083 1241 1533 1315 imaginarium,
1567 1242 1727 1297 falsa
1761 1246 1960 1297 autem
1989 1240 2185 1314 quoad
2216 1246 2449 1313 tempus
2477 1240 2699 1312 ipsum.

562 1332 573 1431 '-
694 1341 759 1420 §.
806 1341 961 1407 163.
1045 1348 1109 1405 Si
1143 1355 1341 1404 autem
1395 1363 1473 1405 ne
1516 1349 1783 1419 concipis
1830 1348 2069 1422 quidem
2122 1349 2357 1419 plenam
2397 1330 2700 1403 notionem

568 1444 744 1514 'illius
797 1455 979 1513 seriei
1025 1456 1505 1526 successionum,
1561 1452 1832 1512 omnibus
1871 1452 2006 1525 ejus
2034 1454 2190 1511 notis
2221 1453 2563 1526 perpensis,
2587 1451 2702 1509 sed

455 1638 458 1642 A
575 1565 630 1621 si
669 1562 886 1620 haeres
926 1562 989 1620 in
1024 1562 1289 1632 singuiis
1344 1562 1497 1618 notis
1544 1565 1605 1617 et
1664 1560 2090 1636 relationibuS,
2145 1575 2301 1634 quae
2363 1559 2703 1617 inveniun-

530 1674 533 1677 ’
573 1669 678 1725 tur
727 1667 790 1725 in
834 1666 976 1744 illa,
1043 1665 1258 1723 incidis
1288 1706 1289 1709 η
1319 1665 1380 1722 in
1439 1666 1787 1723 innumeras
1848 1681 2087 1722 mancas
2151 1666 2431 1738 temporis
2475 1664 2701 1723 detirss-
2813 1740 2816 1743 Ι

575 1771 790 1847 tiones,
831 1787 1083 1847 quarum
1113 1771 1470 1846 praecipuas
1496 1770 1594 1829 hic
1627 1770 2139 1852 enumerabimus:
2671 1769 2676 1773 ’

694 1881 956 1951 Tempus
997 1882 1118 1936 est:

699 1984 1009 2056 sphaerae
1049 1986 1264 2040 motus,

735 2080 1384 2218 Aniisqussussfflphssos'
1443 2080 1719 2138 sententia
1758 2078 2059 2138 secundum
2090 2080 2264 2141 Arist.
2305 2082 2475 2157 Phys.
2518 2084 2563 2140 l.v
2590 2080 2697 2147 lv.

735 2180 783 2215 e.
881 2169 921 2217 i.
1012 2203 1026 2217 .
1157 2173 1160 2176 ’
1193 2203 1208 2221 .

697 2267 905 2325 Motus
932 2265 1232 2321 universi.
1314 2265 1587 2338 sphaera
1614 2267 1886 2324 universi
1926 2266 2078 2339 ipsa.

734 2362 975 2438 Antiqm
1002 2362 1217 2435 philos.
1247 2377 1488 2419 sentent.
1516 2383 1623 2421 sec.
1658 2354 1832 2423 Arist.
1860 2366 2024 2438 Phys.
2062 2367 2103 2421 l.
2129 2363 2231 2423 lv.
2272 2384 2321 2424 σ.
2369 2365 2464 2428 10.
2495 2365 2564 2423 Τ.
2602 2366 2705 2423 93.

579 2477 583 2480 ’
696 2469 951 2527 Coelum
973 2474 1159 2526 totum
1199 2474 1382 2542 atque
1423 2469 1704 2527 mundus·

733 2565 970 2643 Antiqu.
1013 2568 1220 2640 philos,
1263 2583 1403 2626 sent.
1445 2588 1547 2624 sec.
1584 2569 1795 2626 Plotin.
1836 2568 2095 2624 Ennead.
2136 2568 2242 2625 ῙῙῙ.
2289 2570 2333 2624 l.
2372 2569 2495 2628 VH.
2535 2590 2589 2629 c.
2640 2570 2702 2634 1.

692 2671 1042 2732 Substantia
1069 2675 1345 2733 universi
1385 2680 1447 2733 et
1487 2692 1706 2748 corpus
1744 2676 2107 2749 primarium.

735 2770 1139 2907 Aessgsidemus
1167 2788 1224 2828 et
1246 2774 1565 2834 Heraclitus
1597 2794 1707 2832 sec.
1749 2774 1897 2830 Sext.
1924 2775 2083 2848 Emp.
2112 2772 2311 2847 Pyrrh.
2337 2773 2488 2846 Hyp.
2529 2775 2569 2828 l.
2598 2773 2708 2832 111.

737 2872 792 2908 c.
908 2893 922 2910 .
1469 2868 1486 2884 ·
2685 2870 2692 2874 ’

570 3015 587 3046 ·.
698 2957 870 3017 Visio
898 2958 1018 3018 diei
1045 2966 1107 3019 et
1129 2963 1288 3019 nocti
1316 2961 1548 3019 similiS.
1568 2948 1903 3036 (Ἡμεροειὸὲς
1927 2963 2022 3019 καὶ
2048 2954 2326 3025 νυκτοειδὲς
2352 2954 2710 3027 moira-atomos.)

734 3054 1011 3129 Epicurus
1039 3071 1096 3111 et
1117 3058 1471 3112 Democritus
1495 3078 1603 3112 sec.
1629 3057 1778 3113 Sext.
1812 3058 1976 3130 Emp.
2000 3056 2128 3114 adv.
2156 3055 2335 3112 Math.
2360 3057 2402 3112 l.
2426 3053 2524 3111 lx,
2554 3076 2609 3111 c.
2637 3058 2710 3113 3.

698 3145 1006 3220 Accidens
1058 3162 1457 3221 accidentium
1475 3206 1495 3240 ,
1560 3179 1937 3237 consequens
1996 3163 2127 3221 dies
2144 3204 2162 3239 ,
2217 3167 2280 3221 et
2332 3166 2541 3221 noctes
2559 3205 2582 3241 ,
2641 3166 2716 3220 et

581 3264 793 3339 horas,
836 3269 898 3322 et
936 3265 1282 3346 passiones,
1325 3273 1385 3324 et
1423 3274 1638 3325 motus.

737 3362 1013 3435 Epicurus
1048 3383 1152 3419 see.
1182 3362 1332 3421 Sext.
1362 3366 1529 3439 Emp,
1557 3365 1751 3439 Pyrrh.
1780 3368 1928 3440 Hyp.
1961 3370 2006 3429 1.
2039 3368 2142 3426 111.
2171 3388 2223 3431 c,
2266 3366 2357 3420 17.

699 3469 928 3528 Rerum
960 3470 1218 3528 omnium
1248 3472 1531 3530 accidens
1567 3473 1945 3532 universale.

745 3566 943 3621 Okeno
961 3568 1350 3642 Naturphilos.
1390 3567 1432 3638 §-
1472 3571 1567 3632 63,

700 3671 1020 3746 Extensio,
1061 3670 1241 3743 cnjus
1282 3677 1486 3746 partes
1525 3673 1639 3732 sibi
1679 3674 2038 3734 succedunt.

744 3769 976 3823 cochius
1016 3772 1153 3825 iiber
1180 3773 1274 3825 die
1302 3770 1581 3845 Analogie
1608 3789 1772 3829 unter
1804 3774 2094 3833 Ausdehn.
2116 3795 2176 3840 u.
2209 3776 2425 3841 Dauer,
2455 3774 2515 3827 in
2548 3772 2716 3827 Hiu-

743 3869 937 3903 manns
971 3852 1220 3924 Magazin
1265 3846 1332 3906 ἀι·
1361 3852 1460 3909 B'd.
1491 3852 1552 3912 S.
1593 3855 1723 3910 155.

686 3953 1037 4012 ᾸΒίεῐοιιειὶο.
1081 3955 1383 4014 Distensio
1424 3957 1615 4030 ipsius
1655 3958 1855 4022 animi.

742 4048 986 4125 August.
1028 4052 1188 4106 Cous.
1218 4055 1407 4112 1..xl.
1449 4075 1497 4112 c.
1540 4059 1616 4110 923
1659 4070 1717 4110 et
1758 4059 1857 4113 26.

703 4157 1050 4238 Longitudo
1090 4160 1256 4218 vitae
1295 4160 1360 4220 in
1396 4161 1827 4221 mutationibus
1865 4162 2226 4239 procedens,
2257 4158 2718 4220 continuitatem

582 4261 846 4334 ,actionis
885 4264 1130 4324 habens.

747 4358 960 4418 Plotin.
991 4361 1248 4422 Ennead.
1275 4364 1377 4425 111.
1420 4366 1458 4420 1.
1487 4365 1610 4424 VII.
1640 4385 1691 4429 c.
1738 4366 1830 4423 11.
