<?xml version="1.0" encoding="UTF-8"?>
<!DOCTYPE html PUBLIC "-//W3C//DTD XHTML 1.0 Transitional//EN"
    "http://www.w3.org/TR/xhtml1/DTD/xhtml1-transitional.dtd">
<html xmlns="http://www.w3.org/1999/xhtml" xml:lang="en" lang="en">
 <head>
  <title>
</title>
<meta http-equiv="Content-Type" content="text/html;charset=utf-8" />
  <meta name='ocr-system' content='tesseract 3.04.00' />
  <meta name='ocr-capabilities' content='ocr_page ocr_carea ocr_par ocr_line ocrx_word'/>
</head>
<body>
  <div class='ocr_page' id='page_1' title='image "aureliiaugustin00fortgoog_0178.png"; bbox 0 0 2950 5147; ppageno 0'>
   <div class='ocr_carea' id='block_1_1' title="bbox 1272 243 1911 326">
    <p class='ocr_par' dir='ltr' id='par_1_1' title="bbox 1272 243 1911 326">
     <span class='ocr_line' id='line_1_1' title="bbox 1272 243 1911 326; baseline -0.013 -26"><span class='ocrx_word' id='word_1_1' title='bbox 1272 243 1911 326; x_wconf 66' lang='grc'>-46.-</span> 
     </span>
    </p>
   </div>
   <div class='ocr_carea' id='block_1_2' title="bbox 372 435 2821 747">
    <p class='ocr_par' dir='ltr' id='par_1_2' title="bbox 372 435 2821 747">
     <span class='ocr_line' id='line_1_2' title="bbox 372 435 2817 525; baseline -0.004 -15"><span class='ocrx_word' id='word_1_2' title='bbox 372 445 1117 511; x_wconf 69' lang='lat' dir='ltr'><strong>unnoltronnueueu</strong></span> <span class='ocrx_word' id='word_1_3' title='bbox 1207 460 1369 525; x_wconf 64' lang='lat' dir='ltr'><strong>gum</strong></span> <span class='ocrx_word' id='word_1_4' title='bbox 1459 441 2097 507; x_wconf 46' lang='lat' dir='ltr'><strong>&amp;oufommeuen</strong></span> <span class='ocrx_word' id='word_1_5' title='bbox 2183 435 2817 519; x_wconf 65' lang='lat' dir='ltr'><strong>forticbreitcube</strong></span> 
     </span>
     <span class='ocr_line' id='line_1_3' title="bbox 375 543 2821 636; baseline -0.005 -16"><span class='ocrx_word' id='word_1_6' title='bbox 375 553 892 636; x_wconf 68' lang='lat' dir='ltr'><strong>OEutmichuug</strong></span> <span class='ocrx_word' id='word_1_7' title='bbox 936 553 1017 618; x_wconf 74' lang='lat' dir='ltr'><strong>im</strong></span> <span class='ocrx_word' id='word_1_8' title='bbox 1052 553 1380 632; x_wconf 65' lang='lat' dir='ltr'><strong>OErfeuueu,</strong></span> <span class='ocrx_word' id='word_1_9' title='bbox 1425 550 1651 632; x_wconf 67' lang='lat' dir='ltr'><strong>fibntid)</strong></span> <span class='ocrx_word' id='word_1_10' title='bbox 1696 552 1795 616; x_wconf 77' lang='lat' dir='ltr'><strong>ber</strong></span> <span class='ocrx_word' id='word_1_11' title='bbox 1821 547 2425 627; x_wconf 59' lang='lat' dir='ltr'><strong>zehensseutmicrtuug</strong></span> <span class='ocrx_word' id='word_1_12' title='bbox 2458 543 2821 627; x_wconf 65' lang='lat' dir='ltr'><strong>orgauiicbtt</strong></span> 
     </span>
     <span class='ocr_line' id='line_1_4' title="bbox 373 654 2821 747; baseline -0.004 -18"><span class='ocrx_word' id='word_1_13' title='bbox 373 664 603 747; x_wconf 59' lang='lat' dir='ltr'><strong>Qeieu,</strong></span> <span class='ocrx_word' id='word_1_14' title='bbox 660 663 1041 747; x_wconf 63' lang='lat' dir='ltr'><strong>gugeitcutbeu</strong></span> <span class='ocrx_word' id='word_1_15' title='bbox 1091 663 1159 743; x_wconf 68' lang='lat' dir='ltr'><strong>ift</strong></span> <span class='ocrx_word' id='word_1_16' title='bbox 1221 661 1394 744; x_wconf 62' lang='lat' dir='ltr'><strong>(fiebe</strong></span> <span class='ocrx_word' id='word_1_17' title='bbox 1441 662 1599 727; x_wconf 64' lang='lat' dir='ltr'><strong>{stote</strong></span> <span class='ocrx_word' id='word_1_18' title='bbox 1642 660 1700 742; x_wconf 77' lang='grc'><strong>2,</strong></span> <span class='ocrx_word' id='word_1_19' title='bbox 1761 661 1843 725; x_wconf 62' lang='lat'><strong>(5.</strong></span> <span class='ocrx_word' id='word_1_20' title='bbox 1890 658 1970 724; x_wconf 84' lang='lat'><strong>26</strong></span> <span class='ocrx_word' id='word_1_21' title='bbox 2023 659 2263 740; x_wconf 62' lang='lat' dir='ltr'><strong>unieret</strong></span> <span class='ocrx_word' id='word_1_22' title='bbox 2307 654 2594 738; x_wconf 49' lang='lat' dir='ltr'><strong>abhus).</strong></span> <span class='ocrx_word' id='word_1_23' title='bbox 2686 655 2821 721; x_wconf 55' lang='lat' dir='ltr'><strong>Qet</strong></span> 
     </span>
    </p>
   </div>
   <div class='ocr_carea' id='block_1_3' title="bbox 561 3990 706 3996">
    <p class='ocr_par' dir='ltr' id='par_1_3' title="bbox 561 3990 706 3996">
     <span class='ocr_line' id='line_1_5' title="bbox 561 3990 706 3996; baseline 0 0"><span class='ocrx_word' id='word_1_24' title='bbox 561 3990 706 3996; x_wconf 95' lang='lat' dir='ltr'><strong> </strong></span> 
     </span>
    </p>
   </div>
   <div class='ocr_carea' id='block_1_4' title="bbox 378 4032 2819 4616">
    <p class='ocr_par' dir='ltr' id='par_1_4' title="bbox 378 4032 2819 4616">
     <span class='ocr_line' id='line_1_6' title="bbox 378 4032 2817 4105; baseline -0.001 -18"><span class='ocrx_word' id='word_1_25' title='bbox 378 4034 609 4088; x_wconf 89' lang='lat' dir='ltr'><strong>siderare</strong></span> <span class='ocrx_word' id='word_1_26' title='bbox 645 4038 775 4104; x_wconf 86' lang='lat' dir='ltr'><strong>quid</strong></span> <span class='ocrx_word' id='word_1_27' title='bbox 811 4042 894 4091; x_wconf 90' lang='lat' dir='ltr'><strong>est</strong></span> <span class='ocrx_word' id='word_1_28' title='bbox 928 4042 1138 4102; x_wconf 82' lang='lat' dir='ltr'><strong>natura,</strong></span> <span class='ocrx_word' id='word_1_29' title='bbox 1210 4036 1494 4091; x_wconf 82' lang='lat' dir='ltr'><strong>Sciendum</strong></span> <span class='ocrx_word' id='word_1_30' title='bbox 1531 4039 1613 4089; x_wconf 89' lang='lat' dir='ltr'><strong>est</strong></span> <span class='ocrx_word' id='word_1_31' title='bbox 1648 4052 1774 4105; x_wconf 82' lang='lat' dir='ltr'><strong>ergo</strong></span> <span class='ocrx_word' id='word_1_32' title='bbox 1811 4037 1955 4104; x_wconf 87' lang='lat' dir='ltr'><strong>quod</strong></span> <span class='ocrx_word' id='word_1_33' title='bbox 1993 4036 2213 4089; x_wconf 88' lang='lat' dir='ltr'><strong>verbum</strong></span> <span class='ocrx_word' id='word_1_34' title='bbox 2254 4038 2450 4087; x_wconf 90' lang='lat' dir='ltr'><strong>natura</strong></span> <span class='ocrx_word' id='word_1_35' title='bbox 2488 4050 2519 4085; x_wconf 92' lang='lat' dir='ltr'><strong>a</strong></span> <span class='ocrx_word' id='word_1_36' title='bbox 2552 4032 2817 4086; x_wconf 84' lang='lat' dir='ltr'><strong>nascendo</strong></span> 
     </span>
     <span class='ocr_line' id='line_1_7' title="bbox 379 4119 2816 4191; baseline -0.001 -18"><span class='ocrx_word' id='word_1_37' title='bbox 379 4122 632 4175; x_wconf 77' lang='lat' dir='ltr'><strong>sumitur:</strong></span> <span class='ocrx_word' id='word_1_38' title='bbox 668 4123 808 4176; x_wconf 87' lang='lat' dir='ltr'><strong>unde</strong></span> <span class='ocrx_word' id='word_1_39' title='bbox 842 4124 1013 4191; x_wconf 89' lang='lat' dir='ltr'><strong>primo</strong></span> <span class='ocrx_word' id='word_1_40' title='bbox 1050 4123 1200 4176; x_wconf 84' lang='lat' dir='ltr'><strong>dicta</strong></span> <span class='ocrx_word' id='word_1_41' title='bbox 1234 4125 1316 4175; x_wconf 86' lang='lat' dir='ltr'><strong>est</strong></span> <span class='ocrx_word' id='word_1_42' title='bbox 1351 4124 1547 4174; x_wconf 87' lang='lat' dir='ltr'><strong>natura</strong></span> <span class='ocrx_word' id='word_1_43' title='bbox 1581 4121 1733 4189; x_wconf 86' lang='lat' dir='ltr'><strong>quasi</strong></span> <span class='ocrx_word' id='word_1_44' title='bbox 1767 4121 2042 4174; x_wconf 86' lang='lat' dir='ltr'><strong>nascitura</strong></span> <span class='ocrx_word' id='word_1_45' title='bbox 2073 4121 2192 4187; x_wconf 84' lang='lat' dir='ltr'><strong>ipsa</strong></span> <span class='ocrx_word' id='word_1_46' title='bbox 2225 4120 2487 4172; x_wconf 76' lang='lat' dir='ltr'><strong>nativitas</strong></span> <span class='ocrx_word' id='word_1_47' title='bbox 2517 4119 2816 4171; x_wconf 85' lang='lat' dir='ltr'><strong>viventium</strong></span> 
     </span>
     <span class='ocr_line' id='line_1_8' title="bbox 378 4205 2819 4277; baseline 0 -20"><span class='ocrx_word' id='word_1_48' title='bbox 378 4206 585 4260; x_wconf 84' lang='lat' dir='ltr'><strong>seilicet</strong></span> <span class='ocrx_word' id='word_1_49' title='bbox 619 4208 930 4260; x_wconf 86' lang='lat' dir='ltr'><strong>animalium</strong></span> <span class='ocrx_word' id='word_1_50' title='bbox 965 4211 1021 4261; x_wconf 89' lang='lat' dir='ltr'><strong>et</strong></span> <span class='ocrx_word' id='word_1_51' title='bbox 1054 4208 1375 4277; x_wconf 85' lang='lat' dir='ltr'><strong>plantarum.</strong></span> <span class='ocrx_word' id='word_1_52' title='bbox 1446 4208 1651 4260; x_wconf 87' lang='lat' dir='ltr'><strong>Deinde</strong></span> <span class='ocrx_word' id='word_1_53' title='bbox 1697 4209 1936 4260; x_wconf 79' lang='lat' dir='ltr'><strong>tract-um</strong></span> <span class='ocrx_word' id='word_1_54' title='bbox 1982 4210 2066 4259; x_wconf 86' lang='lat' dir='ltr'><strong>est</strong></span> <span class='ocrx_word' id='word_1_55' title='bbox 2114 4222 2304 4259; x_wconf 90' lang='lat' dir='ltr'><strong>nomen</strong></span> <span class='ocrx_word' id='word_1_56' title='bbox 2344 4208 2538 4257; x_wconf 86' lang='lat' dir='ltr'><strong>natura</strong></span> <span class='ocrx_word' id='word_1_57' title='bbox 2571 4205 2638 4257; x_wconf 86' lang='lat' dir='ltr'><strong>ad</strong></span> <span class='ocrx_word' id='word_1_58' title='bbox 2677 4205 2819 4273; x_wconf 88' lang='lat' dir='ltr'><strong>prin-</strong></span> 
     </span>
     <span class='ocr_line' id='line_1_9' title="bbox 378 4289 2818 4361; baseline -0.002 -16"><span class='ocrx_word' id='word_1_59' title='bbox 378 4291 576 4359; x_wconf 82' lang='lat' dir='ltr'><strong>cipium</strong></span> <span class='ocrx_word' id='word_1_60' title='bbox 609 4292 785 4347; x_wconf 86' lang='lat' dir='ltr'><strong>dictae</strong></span> <span class='ocrx_word' id='word_1_61' title='bbox 820 4294 1146 4347; x_wconf 75' lang='lat' dir='ltr'><strong>nativitatis,</strong></span> <span class='ocrx_word' id='word_1_62' title='bbox 1199 4294 1271 4346; x_wconf 88' lang='lat' dir='ltr'><strong>Et</strong></span> <span class='ocrx_word' id='word_1_63' title='bbox 1295 4294 1423 4361; x_wconf 89' lang='lat' dir='ltr'><strong>quia</strong></span> <span class='ocrx_word' id='word_1_64' title='bbox 1450 4293 1761 4347; x_wconf 87' lang='lat' dir='ltr'><strong>nativitatis</strong></span> <span class='ocrx_word' id='word_1_65' title='bbox 1791 4291 2096 4360; x_wconf 84' lang='lat' dir='ltr'><strong>hujusmodi</strong></span> <span class='ocrx_word' id='word_1_66' title='bbox 2123 4291 2444 4359; x_wconf 80' lang='lat' dir='ltr'><strong>principium</strong></span> <span class='ocrx_word' id='word_1_67' title='bbox 2468 4289 2818 4343; x_wconf 86' lang='lat' dir='ltr'><strong>intrinsecum</strong></span> 
     </span>
     <span class='ocr_line' id='line_1_10' title="bbox 379 4374 2818 4443; baseline -0.002 -13"><span class='ocrx_word' id='word_1_68' title='bbox 379 4380 480 4441; x_wconf 90' lang='lat' dir='ltr'><strong>est,</strong></span> <span class='ocrx_word' id='word_1_69' title='bbox 515 4377 742 4430; x_wconf 88' lang='lat' dir='ltr'><strong>ulterius</strong></span> <span class='ocrx_word' id='word_1_70' title='bbox 777 4377 1076 4431; x_wconf 81' lang='lat' dir='ltr'><strong>derivatum</strong></span> <span class='ocrx_word' id='word_1_71' title='bbox 1111 4380 1195 4430; x_wconf 89' lang='lat' dir='ltr'><strong>est</strong></span> <span class='ocrx_word' id='word_1_72' title='bbox 1227 4394 1417 4431; x_wconf 89' lang='lat' dir='ltr'><strong>nomen</strong></span> <span class='ocrx_word' id='word_1_73' title='bbox 1454 4380 1651 4430; x_wconf 87' lang='lat' dir='ltr'><strong>natura</strong></span> <span class='ocrx_word' id='word_1_74' title='bbox 1684 4377 1751 4429; x_wconf 87' lang='lat' dir='ltr'><strong>ad</strong></span> <span class='ocrx_word' id='word_1_75' title='bbox 1787 4374 2203 4443; x_wconf 87' lang='lat' dir='ltr'><strong>significandum</strong></span> <span class='ocrx_word' id='word_1_76' title='bbox 2234 4374 2461 4427; x_wconf 85' lang='lat' dir='ltr'><strong>interius</strong></span> <span class='ocrx_word' id='word_1_77' title='bbox 2496 4374 2818 4441; x_wconf 84' lang='lat' dir='ltr'><strong>principium</strong></span> 
     </span>
     <span class='ocr_line' id='line_1_11' title="bbox 378 4457 2817 4531; baseline -0.003 -16"><span class='ocrx_word' id='word_1_78' title='bbox 378 4465 571 4516; x_wconf 81' lang='lat' dir='ltr'><strong>motus,</strong></span> <span class='ocrx_word' id='word_1_79' title='bbox 590 4502 602 4513; x_wconf 93' lang='lat'><strong>.</strong></span> <span class='ocrx_word' id='word_1_80' title='bbox 623 4502 635 4514; x_wconf 87' lang='lat'>.</span> <span class='ocrx_word' id='word_1_81' title='bbox 671 4463 743 4516; x_wconf 87' lang='lat' dir='ltr'><strong>Et</strong></span> <span class='ocrx_word' id='word_1_82' title='bbox 772 4463 898 4531; x_wconf 85' lang='lat' dir='ltr'><strong>quia</strong></span> <span class='ocrx_word' id='word_1_83' title='bbox 924 4465 1102 4516; x_wconf 88' lang='lat' dir='ltr'><strong>motus</strong></span> <span class='ocrx_word' id='word_1_84' title='bbox 1133 4463 1394 4516; x_wconf 88' lang='lat' dir='ltr'><strong>naturalis</strong></span> <span class='ocrx_word' id='word_1_85' title='bbox 1430 4462 1709 4530; x_wconf 80' lang='lat' dir='ltr'><strong>praecipue</strong></span> <span class='ocrx_word' id='word_1_86' title='bbox 1736 4462 1793 4513; x_wconf 90' lang='lat' dir='ltr'><strong>in</strong></span> <span class='ocrx_word' id='word_1_87' title='bbox 1827 4460 2172 4529; x_wconf 81' lang='lat' dir='ltr'><strong>generatione</strong></span> <span class='ocrx_word' id='word_1_88' title='bbox 2202 4460 2525 4512; x_wconf 87' lang='lat' dir='ltr'><strong>terminatur</strong></span> <span class='ocrx_word' id='word_1_89' title='bbox 2552 4457 2621 4510; x_wconf 89' lang='lat' dir='ltr'><strong>ad</strong></span> <span class='ocrx_word' id='word_1_90' title='bbox 2644 4473 2817 4509; x_wconf 89' lang='lat' dir='ltr'><strong>essen-</strong></span> 
     </span>
     <span class='ocr_line' id='line_1_12' title="bbox 379 4544 2816 4616; baseline -0.002 -18"><span class='ocrx_word' id='word_1_91' title='bbox 379 4547 512 4599; x_wconf 88' lang='lat' dir='ltr'><strong>tiam</strong></span> <span class='ocrx_word' id='word_1_92' title='bbox 547 4548 757 4616; x_wconf 84' lang='lat' dir='ltr'><strong>speciei,</strong></span> <span class='ocrx_word' id='word_1_93' title='bbox 792 4547 1020 4601; x_wconf 87' lang='lat' dir='ltr'><strong>ulterius</strong></span> <span class='ocrx_word' id='word_1_94' title='bbox 1044 4548 1280 4602; x_wconf 77' lang='lat' dir='ltr'><strong>essentia</strong></span> <span class='ocrx_word' id='word_1_95' title='bbox 1313 4548 1523 4616; x_wconf 86' lang='lat' dir='ltr'><strong>speciei,</strong></span> <span class='ocrx_word' id='word_1_96' title='bbox 1562 4563 1722 4615; x_wconf 90' lang='lat' dir='ltr'><strong>quam</strong></span> <span class='ocrx_word' id='word_1_97' title='bbox 1746 4546 2023 4615; x_wconf 84' lang='lat' dir='ltr'><strong>siguificat</strong></span> <span class='ocrx_word' id='word_1_98' title='bbox 2051 4544 2324 4609; x_wconf 84' lang='lat' dir='ltr'><strong>diffinitio,</strong></span> <span class='ocrx_word' id='word_1_99' title='bbox 2358 4547 2555 4598; x_wconf 85' lang='lat' dir='ltr'><strong>natura</strong></span> <span class='ocrx_word' id='word_1_100' title='bbox 2578 4544 2816 4595; x_wconf 84' lang='lat' dir='ltr'><strong>vocatur.</strong></span> 
     </span>
    </p>
   </div>
   <div class='ocr_carea' id='block_1_5' title="bbox 2672 4749 2704 4763">
    <p class='ocr_par' dir='ltr' id='par_1_5' title="bbox 2672 4749 2704 4763">
     <span class='ocr_line' id='line_1_13' title="bbox 2672 4749 2704 4763; baseline 0 0"><span class='ocrx_word' id='word_1_101' title='bbox 2672 4749 2704 4763; x_wconf 48' lang='lat' dir='ltr'>ff</span> 
     </span>
    </p>
   </div>
  </div>
 </body>
</html>
