2950 5147
1234 237 1872 323 *ἓξ-Ἀ

332 445 724 518 intelligentia
779 442 1215 503 indivisibilium
1276 444 1537 519 genuum
1559 436 1643 518 ¹).
1729 436 1877 504 §30ss
1937 434 2003 503 in
2060 437 2161 500 ber
2221 434 2781 516 wiensi-{cnutum

335 552 589 631 gebccme
615 547 779 614 &eiu
808 547 878 629 iit
909 565 1040 614 nun
1072 562 1231 630 fimat
1266 546 1374 612 mit
1403 550 1527 612 bem
1554 545 1717 613 &eiu
1748 549 1850 612 bc}
1875 543 2298 627 matut-binga
2328 545 2616 625 ibentiid),
2645 546 2783 611 abet

334 659 396 724 in
438 657 614 737 bieier
658 657 954 724 Quatitcit
1011 656 1162 735 nicht
1207 656 1580 723 mitertonnt.
1668 654 1792 724 ‘Die
1837 657 1971 736 uod)
2018 656 2365 737 mangetnbe
2410 655 2783 737 &treuntniss

539 2432 586 2498 ¹)
641 2433 741 2486 Est
779 2435 961 2487 autem
994 2432 1188 2501 duplex
1238 2433 1479 2502 operatio
1524 2432 1837 2488 intellectus
1882 2433 2177 2487 secundum
2218 2433 2603 2501 Philosophum
2635 2434 2695 2486 in
2735 2434 2784 2486 3.

336 2520 402 2572 de
437 2517 634 2571 Anima
653 2556 667 2569 .
686 2555 699 2569 .
718 2556 730 2569 .
767 2518 889 2572 Una
922 2517 1137 2586 quidem
1174 2533 1310 2587 quae
1346 2521 1572 2572 vocatur
1604 2516 2022 2571 indivisibilium
2056 2518 2443 2587 intelligentia,
2488 2533 2581 2586 per
2623 2533 2790 2586 quam

340 2603 652 2658 intellectus
687 2602 891 2684 format
927 2604 984 2655 in
1020 2620 1075 2656 se
1112 2604 1228 2672 ipso
1263 2603 1663 2668 diffinitionem,
1710 2603 1794 2658 vel
1836 2608 2149 2671 conceptum
2186 2602 2413 2672 alicujus
2448 2602 2783 2671 incomplexi.

544 2707 592 2773 ²)
645 2707 718 2759 Et
765 2706 843 2760 sic
890 2707 1053 2761 etiam
1103 2707 1160 2760 in
1207 2708 1407 2762 lumine
1441 2708 1754 2762 intellectus
1799 2708 2015 2776 agentis
2060 2707 2217 2761 nobis
2265 2709 2348 2761 est
2395 2708 2787 2775 quodammodo

336 2791 509 2843 omnis
533 2792 760 2847 scientia
782 2792 1122 2860 originaliter
1143 2792 1320 2847 indita
1344 2792 1711 2848 mediantibus
1738 2793 2131 2848 universalibus
2162 2792 2617 2861 conceptionibuS,
2652 2810 2788 2861 quae

337 2876 526 2929 statim
558 2876 758 2930 lumine
792 2877 1102 2932 intellectus
1139 2879 1354 2946 agentis
1403 2882 1804 2947 cognoscuntur
1851 2895 1944 2947 per
1991 2894 2123 2946 quas
2160 2877 2302 2931 sicut
2336 2894 2430 2946 per
2464 2878 2790 2932 universalia

336 2960 602 3097 grincipia
631 2961 929 3030 judicamus
965 2964 1031 3017 de
1067 2963 1188 3017 aliis
1223 2966 1279 3017 et
1302 2981 1365 3018 ea
1388 2965 1887 3032 praecognoscimus
1922 2963 1979 3016 in
2014 2962 2162 3032 ipsis.
2220 2964 2443 3030 Quaest.
2468 2962 2533 3017 de
2556 2964 2787 3019 veritate

374 3044 558 3113 isput.‚
595 3062 686 3114 qu.
724 3046 800 3111 10,
837 3050 938 3101 art.
974 3050 1022 3101 6.

545 3149 592 3214 ⁸)
648 3150 788 3203 Nam
823 3151 959 3205 illud
996 3153 1139 3220 quod
1175 3152 1344 3221 primo
1381 3153 1528 3206 cadit
1563 3154 1663 3207 sub
1700 3153 2132 3221 apprehensione,
2180 3155 2264 3206 est
2300 3169 2409 3217 ens,
2446 3152 2592 3221 cujus
2626 3154 2788 3207 intel-

332 3233 505 3286 lectus
537 3234 836 3289 includitur
869 3236 927 3289 in
965 3238 1228 3301 omnibuS‚
1276 3254 1623 3306 quaecunque
1674 3238 1794 3305 quis
1840 3238 2211 3306 apprehendit.
2280 3238 2353 3291 Et
2399 3236 2519 3291 ideo
2555 3237 2786 3304 primum

335 3317 655 3385 principium
691 3321 1166 3377 indemonstrabile
1203 3326 1301 3387 est,
1354 3324 1497 3391 quod
1534 3340 1639 3376 non
1675 3325 1759 3375 est
1793 3324 1952 3376 simul
1988 3322 2252 3376 affirmare
2289 3324 2346 3375 et
2379 3338 2593 3388 negare,
2642 3322 2783 3390 quod

335 3401 597 3456 fundatur
630 3422 791 3474 supra
826 3408 1087 3461 rationem
1123 3408 1265 3461 entis
1301 3411 1358 3461 et
1393 3425 1498 3461 non
1536 3408 1708 3471 entis;
1752 3411 1808 3462 et
1840 3424 1999 3475 super
2032 3407 2132 3460 hoc
2168 3406 2429 3475 principio
2466 3406 2646 3458 omnia
2680 3405 2788 3458 alia

335 3486 646 3555 fundantur,
694 3495 757 3544 ut
798 3492 933 3545 <licit
968 3493 1325 3562 Philosophus
1371 3494 1427 3546 in
1471 3494 1520 3545 4.
1574 3493 1815 3562 Metaph.
1860 3495 1995 3546 text.
2039 3494 2072 3547 9
2120 3495 2176 3546 et
2220 3509 2400 3560 sq....
2437 3492 2582 3545 Sum.
2620 3491 2786 3544 theol.

338 3574 466 3627 12⁴⁰
501 3591 589 3643 qu.
625 3575 704 3639 94,
741 3580 844 3629 art.
877 3576 923 3640 2,
960 3594 1128 3645 resp..
1149 3616 1162 3631 .

541 3678 588 3745 ⁴)
640 3679 913 3734 Indirecte
947 3684 1142 3746 autem,
1177 3684 1234 3735 et
1270 3682 1424 3749 quasi
1460 3698 1552 3749 per
1582 3681 1865 3749 quamdam
1893 3680 2245 3745 reflexionem,
2282 3683 2463 3748 potest
2498 3680 2591 3746 (sc.
2625 3679 2787 3732 intel-

334 3761 528 3830 lectus)
566 3781 883 3832 cognoscere
920 3766 1208 3833 singulare,
1247 3766 1389 3834 quia,
1428 3766 1572 3820 sicut
1608 3765 1996 3834 supradictum
2032 3768 2131 3828 est,
2168 3782 2257 3833 qu.
2284 3765 2364 3828 84,
2399 3767 2502 3818 art.
2540 3764 2587 3828 7,
2618 3762 2786 3816 etiam

333 3852 620 3917 postquam
655 3850 856 3917 species
890 3850 1268 3918 intelligibiles
1313 3851 1657 3914 abstraxerit,
1703 3868 1808 3904 non
1858 3850 2041 3919 potest
2074 3849 2365 3904 secundum
2411 3864 2501 3901 eas
2546 3850 2674 3901 actu
2706 3847 2788 3899 iu-

334 3930 594 3999 telligere,
641 3934 747 3987 nisi
783 3935 1141 3990 convertendo
1183 3952 1239 3988 se
1273 3936 1341 3989 ad
1377 3936 1781 4005 phantasmata,
1823 3936 1880 3988 in
1916 3936 2114 4004 quibus
2160 3935 2361 4003 species
2408 3931 2788 3999 intelligibiles

335 4017 615 4085 intelligit,
650 4021 712 4071 ut
745 4019 947 4074 dicitur
978 4020 1036 4073 in
1070 4021 1118 4073 3.
1154 4021 1222 4074 de
1257 4020 1468 4085 Anima,
1506 4025 1643 4075 text.
1678 4021 1760 4074 32.
1823 4021 1912 4075 Sic
1944 4021 2118 4088 igitur
2154 4020 2327 4087 ipsum
2361 4016 2659 4073 universale
2695 4033 2790 4085 per

337 4102 566 4170 speciem
614 4102 1019 4171 intelligibilem
1064 4104 1265 4158 directe
1308 4104 1594 4173 intelligit,
1649 4104 1911 4158 indirecte
1958 4108 2137 4158 autem
2189 4103 2503 4171 singularia,
2558 4118 2787 4170 quorum

334 4188 465 4238 sunt
487 4187 886 4254 phantasmata.
942 4189 1016 4243 Et
1045 4190 1146 4243 hoc
1172 4188 1327 4242 modo
1352 4189 1551 4243 format
1575 4190 1713 4243 hanc
1736 4189 2180 4258 propositionem:
2219 4188 2463 4241 Socrates
2498 4189 2582 4240 est
2603 4186 2785 4240 homo.

336 4270 479 4325 Ibid.
514 4271 560 4335 Ι,
596 4288 682 4339 qu.
721 4272 801 4336 86,
838 4274 939 4326 art.
977 4273 1019 4336 l,
1056 4289 1258 4341 resp...

544 4375 592 4440 ι)
648 4374 750 4428 Est
785 4377 965 4428 autem
1014 4375 1209 4443 duplex
1249 4376 1491 4444 operatio
1525 4375 1836 4429 intellectus
1884 4374 2173 4430 secundum
2210 4372 2595 4440 Philosophum
2642 4374 2699 4427 in
2736 4376 2787 4428 3.

335 4458 403 4512 de
436 4457 634 4512 Anima
664 4458 821 4525 (text.
857 4476 1081 4516 commu.
1114 4459 1216 4526 21).
1285 4462 1408 4516 Una
1441 4461 1659 4528 quidem
1702 4477 1838 4529 quae
1878 4463 2101 4514 vocatur
2132 4456 2549 4512 indivisibilium
2581 4457 2787 4511 intelli-

339 4541 544 4612 gentia,
589 4559 684 4613 per
723 4559 884 4612 quam
917 4543 1231 4599 intellectus
1276 4544 1474 4600 format
1519 4545 1577 4599 in
1622 4561 1679 4599 se
1724 4545 1840 4614 ipso
1888 4542 2287 4607 diffinitionem,
2335 4540 2421 4595 vel
2468 4542 2786 4609 conceptum
