2950 5147
1255 251 1635 318 —.5—

302 416 577 492 selmuS‚
625 415 1094 490 Bonaventura‚
1143 415 1440 478 Victorini
1495 416 1783 498 aliique),
1830 422 1933 498 qui
1995 424 2113 483 vim
2174 425 2565 506 cogitationis

303 525 401 586 sui
464 526 658 604 ipsius
729 524 793 584 in
851 523 1236 603 philosophia
1305 525 1686 588 exstruenda
1737 527 1944 608 aliquo
2013 531 2193 594 modo
2261 534 2563 602 viderent.

301 634 386 693 At
429 648 880 711 praecursores
926 631 1319 711 Augustinus
1366 635 1559 711 longe
1596 639 1937 711 superavit,
1982 656 2384 703 successores
2433 646 2562 704 eius

293 2690 477 2763 Quod
524 2695 778 2769 apparet
820 2707 901 2750 ex
944 2691 1132 2769 partis
1191 2689 1505 2750 secundae
1552 2706 1643 2767 ep.
1696 2687 1781 2751 60
1824 2692 1901 2751 ad
1946 2692 2339 2754 Mersennum
2385 2693 2545 2773 data,

292 2800 398 2859 ubi
444 2799 715 2880 ingenue
755 2800 907 2860 haec
960 2800 1317 2860 confitetur:
1368 2796 1704 2876 „inquisivi
1757 2789 1826 2858 'iu
1871 2816 2124 2860 errores
2171 2801 2432 2881 Pelagii,
2480 2810 2547 2863 ut
2579 2814 2597 2825 ·'

286 2910 538 2985 scirem,
577 2925 702 2985 quo
735 2906 1130 2969 fundamento
1176 2906 1408 2968 illiniti
1439 2907 1775 2984 potuerint,
1827 2909 1929 2984 qui
1976 2906 2210 2984 dicunt,
2261 2928 2359 2970 me
2403 2927 2547 2973 esse

285 3017 348 3075 in
420 3017 560 3075 eius
629 3016 965 3088 sententia,
1033 3031 1211 3093 quam
1257 3013 1551 3091 hactenus
1620 3015 2119 3093 ignoraveram“.
2229 3016 2546 3089 Quandam

283 3124 447 3185 haud
486 3124 669 3184 dubie
716 3125 996 3203 principii
1033 3123 1468 3203 Augustiniani
1503 3122 1776 3184 notitiam
1820 3121 2135 3185 Cartesius
2167 3142 2245 3186 ex
2276 3125 2545 3188 lectione

286 3232 719 3311 Campanellae
763 3233 982 3294 hausit.
1039 3231 1288 3291 Etenim
1332 3233 1386 3293 is
1434 3230 1512 3291 de
1555 3230 1787 3291 scienta
1832 3232 1929 3291 sui
1975 3231 2363 3311 ipsiua‘quid
2407 3235 2544 3323 Au..

280 3342 565 3421 gustin'us
614 3332 898 3403 docuerit
940 3346 1259 3402 memorat.
1942 3357 1948 3359 ·

207 3435 212 3440 ’
458 3449 556 3510 Uti
617 3451 906 3530 magister
962 3451 1162 3510 minus
1228 3449 1498 3509 fortasse
1561 3464 1742 3526 quam
1797 3465 1907 3526 par
1972 3456 2141 3527 erat,
2185 3449 2540 3532 Augustino

281 3557 621 3633 tribuebat,
664 3575 844 3636 quum
903 3560 1155 3637 proprio
1215 3557 1407 3618 Marte
1483 3574 1657 3635 quam
1693 3555 1962 3618 aliunde
2018 3557 2265 3620 adiutus
2332 3559 2542 3639 philo-

280 3665 534 3746 sophari
579 3667 806 3744 mallet,
853 3667 936 3727 ita
984 3666 1268 3744 discipuli
1307 3672 1524 3727 contra
1565 3664 1893 3727 faciebant.
1982 3666 2063 3725 La
2106 3666 2310 3747 Forge
2355 3673 2540 3729 totam

282 3774 620 3837 doctrinam
693 3775 770 3835 de
832 3781 1032 3837 mente
1096 3782 1158 3835 et
1224 3791 1521 3854 corpore⁴
1555 3756 1970 3849 Cartesianam
2037 3774 2219 3853 plane
2277 3774 2538 3835 eandem

280 3888 466 3961 atque
509 3884 841 3963 Augustini
874 3900 1013 3944 esse
1060 3888 1273 3968 censet
1290 3882 1356 3961 ¹).
1402 3881 1662 3943 Maxime
1699 3898 1851 3943 vero
1898 3883 1961 3941 in
2008 3881 2227 3944 ordine
2257 3882 2529 3944 Oratorii

420 4014 476 4080 1)
511 4015 586 4067 cf.
626 4014 897 4066 Guentheri
933 4016 1224 4066 VIennensis
1261 4030 1403 4079 opus,
1453 4017 1535 4065 cui
1570 4027 1781 4064 nomen:
1822 4018 2127 4076 „Vorsckule
2160 4029 2254 4064 zur
2288 4019 2532 4072 specula-

277 4104 412 4151 tinen
453 4102 773 4166 Theolom'effi,
811 4102 928 4152 edit.
963 4102 996 4153 2
1032 4101 1134 4157 vol.
1170 4101 1209 4164 1,
1245 4114 1362 4169 pag.
1401 4100 1504 4152 273
1542 4105 1593 4151 et
1627 4113 1758 4168 quae
1791 4106 2080 4167 sequuntur.
