2950 5147
1357 267 1635 332 *42
1721 278 1847 312 —.

625 437 993 499 Addendum
1044 438 1318 511 videtur,
1370 437 1675 516 quomodo
1719 437 1873 498 haec
1905 437 2189 500 doctrina
2236 440 2526 520 iungatur
2572 448 2712 502 cum

455 541 783 628 principio,
827 548 996 611 unde
1043 550 1202 608 viam
1250 547 1323 608 ad
1368 548 1521 609 alias
1571 566 1786 609 omnes
1836 549 2228 630 cognitiones
2268 549 2386 610 sibi
2435 551 2709 612 munivit.

344 688 355 695 κ
449 658 778 719 Vinculum
825 675 951 719 non
998 660 1366 719 arctiusfest
1410 659 1515 720 illo
1548 705 1563 733 ,
1630 655 1793 736 quod
1844 657 2318 721 monstravimus
2386 677 2577 737 supra
2648 662 2741 720 in.

452 769 869 845 disputatione
917 746 994 828 de
1039 769 1255 848 regula
1304 769 1584 830 veritatis
1651 768 1937 849 logicae,
2008 774 2266 847 excepta
2331 774 2534 830 tamen
2597 769 2713 830 hac

448 896 568 938 una
612 895 683 938 re
729 880 1134 958 gravissima,
1205 879 1369 957 quod
1415 878 1800 960 Augustinus
1842 879 1903 938 in
1946 878 2203 939 criterio
2250 878 2712 958 metaphysicae

454 989 730 1049 veritatis
777 989 1160 1066 reperiendo·
1203 1007 1234 1048 a
1275 991 1543 1049 *veritate
1606 988 1887 1067 quadam
1914 987 2337 1068 metaphysica
2380 989 2539 1067 capit
2580 989 2711 1050 ini-

454 1098 624 1173 tium,
671 1117 704 1159 a
753 1099 1116 1179 cognitione
1164 1092 1532 1158 existentiae
1572 1097 1666 1158 sui
1711 1099 1920 1176 ipsius,
2010 1097 2245 1186 NexuS,
2296 1116 2478 1176 quem
2523 1116 2714 1177 quae-

456 1209 669 1283 rimuS,
716 1209 776 1267 in
826 1225 915 1268 eos
952 1212 1250 1283 cernitur,
1299 1214 1364 1270 ut
1405 1209 1519 1268 nisi
1552 1200 2116 1268 aniinam'nostra'm
2159 1215 2550 1286 perspectam
2595 1209 2709 1271 ha*

451 1310 704 1379 beamus
748 1324 926 1396 atque
973 1320 1048 1379 ab
1087 1320 1187 1380 illa
1237 1320 1447 1380 exorsi
1498 1302 2226 1379 excedendis‘creaturis
2271 1318 2383 1378 Dei
2429 1318 2714 1380 existen-

451 1429 590 1487 tiam
637 1427 1150 1504 demonstremuS,
1201 1429 1368 1492 nullo
1417 1430 1598 1490 modo
1632 1430 1894 1510 regulae
1935 1430 2213 1489 veritatis
2248 1427 2710 1508 metaphysicae

448 1543 634 1617 queat
678 1556 818 1600 esse
863 1539 1058 1614 locuS,
1109 1540 1278 1599 nullo
1315 1528 1486 1600 firmo
1534 1539 1937 1600 fundamento
1985 1539 2261 1629 veritatis
2297 1530 2709 1600 innotescem-

446 1648 522 1713 tis
567 1649 929 1727 principium
975 1654 1354 1709 exstructum
1385 1644 1503 1726 'sit,
1553 1650 1751 1710 omnia
1798 1649 2095 1709 scientiae
2160 1649 2403 1730 obiecta
2447 1648 2569 1709 huc
2615 1648 2715 1736 ἰ1.-·υ

462 1759 565 1819 luc
607 1759 843 1819 incerta
876 1759 1180 1820 *vacillent
1225 1767 1287 1819 et
1330 1759 1650 1819 fluctuent.
2208 1760 2219 1771 '

628 1868 942 1930 Cartesius
988 1871 1049 1930 in
1099 1869 1556 1939 constituenda
1598 1871 2148 1957 veritatis-jnorma
2194 1868 2435 1927 exitum*
2480 1858 2631 1930 facit
2677 1888 2710 1930 a

467 1962 847 2059 cogitatione
892 1980 988 2041 sui
1035 1980 1223 2058 ipsius
1271 1986 1454 2058 atque
1499 1979 1843 2050 contendit,
1890 1979 2087 2038 omnia
2131 1993 2271 2037 esse
2318 1992 2493 2053 vera,
2542 1991 2707 2058 quae

455 2087 669 2150 eodem
730 2088 913 2150 modo
961 2096 1056 2164 ut,
1098 2075 1396 2170 cogitatio
1459 2091 1563 2151 illa
1608 2089 1779 2149 clare
1827 2094 1886 2148 et
1932 2087 2219 2148 distincte
2258 2088 2708 2169 percipiantur.

451 2198 544 2257 De
588 2197 879 2260 methodo
922 2216 976 2276 p.
1020 2196 1097 2260 21
1153 2201 1266 2259 ait:
1337 2200 1515 2278 „quia
1562 2198 1841 2259 notabam
1873 2243 1889 2274 ,
1948 2197 2100 2257 nihil
2164 2176 2698 2277 plane-contineissi

448 2311 508 2367 in
554 2308 650 2369 his
695 2309 935 2370 verbis:
1001 2325 1120 2391 ego
1162 2310 1408 2392 cogitq,
1458 2328 1611 2391 ergo
1657 2328 1831 2383 suin,
1910 2307 2075 2387 quod
2124 2319 2217 2368 m‘e
2265 2315 2502 2369 certum
2549 2309 2709 2370 red-

451 2417 626 2479 deret
672 2435 884 2479 eorum
931 2421 1230 2496 veritatis,
1277 2419 1607 2499 nisi-quod
1655 2419 2150 2479 manifestissime
2191 2417 2503 2494 viderem,
2573 2419 2706 2479 fieri

450 2545 572 2589 non
618 2545 828 2608 posse,
876 2536 945 2590 ut
988 2530 1122 2608 quis
1171 2531 1438 2613 cogitet,
1488 2530 1603 2591 nisi
1651 2529 1897 2605 existat,
1947 2527 2225 2604 credidi,
2290 2546 2385 2588 me
2430 2543 2541 2606 pro
2588 2540 2702 2590 re-

443 2639 601 2719 gulas
635 2641 912 2719 generali
961 2658 1210 2701 sumere
1256 2658 1462 2719 posse,
1511 2657 1692 2700 omne
1741 2640 1839 2714 id,
1888 2640 2052 2719 quod
2101 2639 2282 2700 valde
2329 2639 2599 2701 dilucide
2645 2646 2709 2700 et

451 2750 736 2811 distincte
769 2751 1212 2828 concipiebam,
1258 2769 1468 2811 verum
1520 2768 1683 2825 esse,
1732 2757 1793 2810 et
1823 2749 2244 2815 tantummodo
2284 2748 2705 2810 difficultatem

456 2877 596 2920 esse
644 2861 995 2923 nonnullam
1046 2861 1120 2922 ad
1168 2865 1339 2921 recte
1401 2858 1863 2934 advertendum,
1911 2859 2193 2939 quidnam
2240 2860 2343 2936 sit,
2389 2860 2571 2938 quod'
2607 2861 2711 2921 di-

446 2971 670 3031 stincte
713 2971 1147 3050 percipimus“.
1225 2970 1484 3050 Princip.
1534 2970 1679 3050 phil.
1731 2967 1787 3045 l,
1834 2966 1947 3031 43¹:
2014 2976 2281 3048 „certum
2346 2976 2483 3045 est,
2556 2970 2709 3031 nihil

442 3096 558 3139 nos
605 3097 875 3159 unquam
923 3080 1138 3142 falsum
1185 3098 1298 3161 pro
1345 3099 1498 3143 vero
1546 3079 1950 3155 admissurOS,
2000 3079 2051 3139 si
2086 3083 2315 3138 tantum
2362 3078 2435 3138 iis
2483 3096 2708 3139 assen-

441 3205 578 3249 sum
623 3190 1255 3268 praebeamuS,=quae
1302 3192 1468 3253 clare
1515 3197 1577 3251 et
1624 3190 1913 3250 distincte
1951 3188 2383 3268 percipiemuS.
2432 3187 2703 3268 Certum,

447 3300 712 3375 inquam,
760 3298 927 3373 quia,
971 3313 1152 3374 quum
1201 3298 1366 3359 Deus
1414 3316 1539 3359 non
1584 3300 1665 3361 sit
1708 3299 1935 3375 fallax,
1998 3290 2255 3359 facultas
2298 3296 2707 3377 percipiendi,

450 3425 632 3485 quam
680 3406 860 3467 nobis
909 3407 1116 3483 dedit,
1180 3427 1300 3470 non
1371 3414 1576 3488 potest
1635 3408 1898 3470 tendere
1955 3408 2017 3468 in
2063 3386 2365 3478 falsum‚-'
2393 3412 2458 3467 ut
2502 3422 2710 3487 neque

454 3516 634 3576 etiam
678 3514 940 3577 facultas
985 3518 1404 3594 assentiendi,
1470 3536 1655 3596 quum
1715 3524 1941 3579 tantum
2005 3516 2251 3593 adea,
2320 3533 2479 3596 quae
2532 3517 2710 3579 clare
2749 3524 2762 3531 “

446 3626 898 3708 percipiuntur,
946 3646 1015 3688 se
1056 3628 1388 3689 extendit“.
1479 3627 1573 3688 De
1616 3616 1899 3691 methodo
1943 3637 1999 3707 p.
2044 3622 2128 3687 24
2171 3634 2233 3687 et
2275 3622 2393 3687 25:
2474 3644 2706 3705 „quum

440 3777 550 3823 und
602 3776 724 3822 Welt
767 3777 974 3823 werden
1024 3776 1154 3823 auch
1207 3775 1431 3823 deutlich
1483 3790 1581 3823 von
1632 3778 1733 3823 illm
1783 3776 2192 3824 unterscln'eden.
2286 3776 2356 3823 So
2408 3772 2559 3821 hleibt
2611 3778 2710 3822 der
2797 3805 2804 3810 -

444 3860 787 3908 Uutersehied
818 3861 1061 3907 bestehen
1081 3859 1334 3907 zwischen
1363 3862 1478 3907 Gott
1500 3863 1611 3907 und
1644 3862 1785 3923 Welt,
1822 3861 1918 3908 wie
1954 3872 2012 3907 er
2044 3862 2227 3907 immer
2259 3871 2357 3906 von
2394 3859 2709 3907 den-<earist-

439 3945 607 3993 la'chen
659 3945 950 3994 Lehrweae'se
1004 3947 1295 3993 auerlcannt
1340 3946 1547 3992 worden
1594 3958 1717 3993 war.
1757 3929 1888 3993 ¹Die
1924 3946 2275 4010 Grumlsiitze,
2332 3955 2432 3990 von
2475 3944 2710 3992 welches·

440 4030 758 4088 Auaustinus
807 4030 1048 4092 ansuino,
1084 4029 1285 4077 sichem
1331 4026 1471 4077 ilan“.
1545 4023 1770 4093 Quisque
1814 4042 2105 4093 persuasum
2139 4024 2237 4076 sibi
2279 4021 2484 4076 habebit
2502 4063 2514 4087 ,
2554 4033 2708 4075 acute

449 4112 770 4175 perspexisse
816 4109 1098 4175 Ritterum,'
1121 4110 1256 4179 quod
1302 4112 1355 4162 in
1407 4112 1674 4178 Augustini
1727 4113 1789 4163 de
1844 4113 2046 4164 criterio
2088 4108 2417 4175 ontologicae
2476 4108 2708 4162 veritati·

449 4193 678 4250 doctrina
711 4196 988 4252 desideres.
1448 4185 1453 4188 ’
