2950 5147
1026 489 1446 552 -2-45-

309 646 371 722 5.
401 643 544 708 141.
587 651 658 706 In
693 664 894 707 rerum
936 655 1154 708 natura
1187 651 1578 733 praeteritum
1610 666 1724 708 non
1765 655 1885 725 est,
1928 648 2042 708 nisi
2080 648 2142 707 in
2176 664 2309 708 me-

175 756 411 831 moria,
466 762 527 814 et
581 760 854 813 futurum
909 773 1027 815 nou
1087 762 1211 831 est,
1279 758 1396 815 nisi
1440 758 1503 815 in
1564 757 2041 831 exspectatione,
2103 761 2165 814 et
2200 757 2311 815 has

179 865 482 933 utrasque
521 859 721 917 animi
748 861 1074 919 facultates
1121 861 1273 919 bene
1328 860 1760 936 distinguimus
1807 862 2100 936 nulloque
2138 861 2310 920 modo

183 966 665 1023 commiscemus.
1227 974 1233 983 ·

312 1082 566 1158 §.142
621 1091 692 1145 In
749 1089 987 1146 notione
1037 1088 1341 1147 abstracta
1395 1089 1677 1162 temporis
1726 1096 1928 1149 autem
1990 1105 2091 1166 ea,
2154 1105 2311 1164 quae

183 1199 334 1252 sunt
370 1194 429 1251 in
458 1195 588 1251 sola
625 1196 921 1269 memoria,
964 1197 1312 1268 cogitantur
1336 1197 1533 1255 denuo
1567 1203 1636 1255 ut
1666 1197 1984 1254 existentia
2005 1239 2022 1271 ,
2065 1202 2125 1254 et
2155 1212 2318 1271 quae

186 1306 338 1358 sunt
375 1301 435 1357 in
485 1302 616 1358 sola
658 1305 1141 1377 exspectatione,
1198 1305 1545 1377 cogitantur
1583 1311 1650 1362 ut
1691 1302 1817 1375 jam
1859 1303 2210 1375 existentia,
2251 1308 2315 1361 et

188 1407 517 1464 existentia
565 1409 912 1480 cogitantur
948 1414 1017 1466 ut
1062 1426 1178 1467 non
1230 1411 1429 1468 adhuc
1478 1414 1585 1467 aut
1627 1408 1749 1480 jam
1803 1425 1919 1467 non
1969 1408 2311 1471 existentia.
2384 1476 2390 1481 ,

190 1513 367 1582 Quae
399 1517 491 1569 est
540 1517 670 1570 arte
718 1516 882 1570 sacta
926 1515 1116 1586 notio,
1160 1530 1296 1570 cum
1328 1529 1528 1570 rerum
1567 1519 1627 1570 et
1663 1518 1904 1570 nostrae
1943 1513 2110 1571 vitae
2148 1516 2311 1569 statu

190 1633 359 1677 mere
402 1617 681 1689 empirico
719 1618 956 1674 minime
997 1631 1367 1691 congruens·
1450 1619 1624 1674 Haec
1656 1620 1787 1673 arte
1820 1618 1985 1673 facta
2017 1610 2178 1673 notio
2222 1606 2324 1672 est'

191 1729 431 1795 tempus
473 1724 840 1780 historicum.
879 1720 940 1794 §-
974 1718 1078 1780 13.

314 1843 378 1918 §-
423 1840 567 1905 143.
648 1820 1105 1920 Ergotempus
1162 1847 1375 1904 vivum
1428 1854 1489 1905 et
1532 1851 1765 1919 tempus
1809 1845 2156 1904 historicum
2200 1842 2314 1904 sibi

193 1951 461 2022 opposita
493 1952 635 2007 sunt
666 1954 733 2037 ut
764 1966 870 2006 ens
897 1952 1088 2025 reale,
1122 1952 1254 2008 scil.
1283 1952 1623 2022 compositio
1665 1952 1844 2008 trium
1889 1951 2316 2023 principiorum

198 2057 489 2130 realium,
534 2062 593 2114 et
620 2072 727 2114 ens
755 2059 1203 2131 imaginarium,
1243 2058 1376 2116 scil.
1411 2059 1571 2116 notio
1603 2064 1732 2115 arte
1761 2060 1959 2129 facta,
2001 2073 2157 2131 quae
2186 2057 2316 2114 ori-

196 2168 334 2235 tur,
388 2164 526 2220 dum
579 2165 783 2237 cogito
843 2165 1164 2221 existentia
1204 2170 1421 2222 utnon
1454 2199 1493 2214 -
1519 2165 1872 2239 existentia,
1914 2168 2098 2238 atque
2144 2179 2320 2221 non-

194 2270 518 2327 existentia
553 2273 623 2326 ut
662 2270 999 2326 existentia.

315 2391 380 2465 §-
423 2388 579 2450 144.
663 2394 783 2450 Per
814 2393 970 2449 hanc
1009 2391 1391 2449 mutationem
1443 2390 1824 2450 existentium
1864 2391 1927 2449 in
1974 2407 2092 2449 non
2119 2352 2336 2449 -exi--·=

191 2501 417 2561 atentia
431 2504 492 2557 et
510 2500 648 2561 vice
671 2516 855 2560 versa
870 2499 1209 2577 praesentia
1232 2506 1478 2573 apparet
1506 2501 1898 2575 multiplicata
1919 2500 1981 2557 in
2008 2498 2319 2573 infinitum,

195 2625 357 2684 quae
388 2610 584 2683 igitur
612 2610 1034 2682 multiplicatio
1063 2614 1158 2666 est
1188 2608 1249 2665 in
1282 2608 1413 2666 sola
1439 2588 1716 2684 notione,
1759 2623 1957 2683 neque
1989 2608 2116 2668 ullo
2147 2604 2317 2663 modo

193 2719 255 2777 in
296 2734 364 2775 re
403 2719 552 2790 ipsa.
593 2714 655 2790 §.
701 2713 806 2774 41.
853 2716 970 2774 32.

320 2839 385 2912 §-
430 2835 586 2912 145.
669 2842 1113 2915 Distinguimus
1161 2840 1355 2914 igitur
1401 2839 1557 2895 inter
1608 2841 1842 2907 tempus
1881 2833 2323 2908 ipsum,-prout

196 2951 292 3016 est
332 2947 397 3005 in
426 2962 494 3005 se
526 2948 650 3019 ipso
694 2951 755 3004 et
793 2947 953 3003 cadit
994 2946 1056 3003 in
1101 2949 1360 3026 nostram
1388 2956 1597 3016 puram
1625 2936 2085 3014 experientiam,
2128 2940 2187 2994 et
2217 2936 2320 2993 in-

197 3060 294 3112 ter
329 3043 959 3125 notionemtemporis,
998 3056 1176 3123 prout
1208 3053 1500 3107 formatur
1537 3046 1839 3104 artificiali
1865 3044 2321 3102 commutatione

197 3175 432 3234 eorum,
476 3174 633 3234 quae
669 3175 778 3232 per
818 3158 1213 3217 immediatam
1246 3156 1676 3229 experientiam
1717 3152 2158 3225 concipiuntur.

317 3281 379 3355 §-
426 3278 587 3353 146.
670 3286 931 3355 Tempus
999 3281 1215 3339 vivum
1278 3284 1372 3336 est
1427 3284 1663 3350 tempus
1701 3277 1928 3348 ipsum,
1970 3287 2080 3332 ens
2123 3273 2321 3347 reale,

199 3389 602 3461 complectens
640 3391 702 3445 et
723 3401 923 3443 rerum
959 3388 1232 3442 naturam
1269 3386 1330 3440 et
1364 3381 1516 3439 duas
1561 3379 1742 3438 animi
1777 3378 2126 3437 facultates.

323 3503 391 3582 ς.
438 3505 595 3568 147.
674 3509 937 3581 Tempus
993 3508 1341 3566 historicum
1370 3519 1600 3596 'nequ-e
1662 3508 1756 3590 est
1805 3507 2040 3600 tempus
2093 3496 2338 3578 ipsum,'

200 3627 400 3692 neque
432 3631 540 3673 ens
571 3614 761 3692 reale,
786 3612 896 3671 sed
921 3612 1052 3669 sola
1081 3611 1239 3669 notio
1266 3610 1546 3683 temporis
1569 3606 1643 3665 ab
1669 3606 2095 3681 imaginatione
2119 3599 2342 3700 nostra¹

195 3722 539 3795 composita.

319 3846 389 3918 s.
436 3840 591 3903 148.
673 3848 841 3902 Haec
881 3844 1161 3916 temporis
1192 3842 1460 3900 historici
1498 3857 1614 3900 seu
1645 3839 1885 3899 confusi
1923 3837 2082 3897 notio
2121 3815 2332 3909 nequo¹

201 3954 298 4009 est
329 3947 505 4008 notio
543 3948 869 4009 sensualis
904 3968 1020 4009 seu
1057 3945 1404 4021 empirica,
1438 3963 1639 4022 neque
1673 3950 1765 4004 est
1788 3940 1965 4004 notio
2001 3958 2176 4001 mere
2197 3943 2321 3998 ab-
2368 3965 2373 3972 ·

194 4043 464 4114 structa
498 4073 612 4136 seu
647 4053 1075 4133 universalis,
1117 4054 1226 4113 sed
1267 4058 1360 4113 est
1403 4047 1668 4115 intuitio
1704 4068 1746 4110 a
1777 4046 2025 4125 priori,
2058 4051 2129 4106 ut
2154 4049 2322 4104 recte

196 4161 506 4221 intellexit
543 4163 728 4221 Kant.

316 4269 583 4341 'l'empu‘s
626 4269 974 4329 historicum
1015 4283 1153 4328 esse
1203 4266 1576 4326 intuitionem
1625 4264 2009 4339 aprioricam,
2061 4257 2153 4352 sic
2205 4255 2344 4347 ‹le-²

195 4375 590 4436 monstratur:
634 4371 641 4396 ³
1831 4369 1836 4374 ’
