2950 5147
1434 499 1688 560 -42
1769 532 1850 548 .-

588 722 593 726 .
702 651 964 731 Tempus
1013 630 1505 725 problematicum
1559 651 1766 710 existit
1805 666 1913 724 per
1952 648 2410 723 disjunctionem
2458 657 2716 725 praete-

584 754 716 830 riti,
758 754 1091 827 praesentis
1124 759 1183 811 et
1215 755 1427 811 futuri.
1470 755 1537 827 s.
1585 755 1696 812 65.

705 857 768 932 3.
827 856 983 918 132.
1078 864 1148 919 ln
1216 866 1478 934 tempore
1543 861 1823 935 historico
1893 876 2183 934 praesens
2244 861 2498 936 fingitur
2576 878 2721 920 esse

580 944 764 1024 simul
797 968 906 1021 aut
947 965 1336 1037 praeteritum
1376 969 1483 1022 aut
1498 948 1816 1040 futurum,
1859 968 2137 1023 futurum
2167 952 2350 1022 sim'ul
2385 969 2492 1021 aut
2523 980 2716 1037 prae-

585 1090 729 1155 sens
771 1076 879 1129 aut
913 1072 1337 1148 praeteritum,
1378 1051 1765 1147 praeteritum
1807 1073 1986 1130 simul
2016 1076 2123 1129 aut
2150 1087 2440 1144 praesens
2466 1077 2582 1149 aut
2602 1077 2719 1133 su·-

586 1184 813 1241 tusum.
893 1154 977 1249 Β..
1005 1179 1071 1236 7.
1138 1191 1141 1194 “

708 1266 781 1344 ln
819 1291 1084 1358 tempore
1123 1286 1271 1343 vivo
1308 1286 1648 1358 praesentia
1684 1286 1821 1343 sive
1858 1285 2099 1343 intuitio
2141 1265 2423 1342 entium·
2444 1300 2609 1357 per-
2644 1298 2718 1341 se

588 1392 893 1448 maculata
941 1395 1033 1447 est
1078 1391 1283 1462 aliqua
1310 1394 1480 1461 parte
1518 1390 1827 1461 praeteriti
1874 1390 2010 1446 sive
2052 1389 2422 1472 phantasiae>
2448 1387 2720 1460 produc-

590 1498 789 1573 tivae‚
830 1497 1219 1568 praeteritum
1253 1496 1389 1552 sive
1416 1496 1731 1567 phantasia
1757 1496 2116 1567 productiva
2145 1497 2355 1553 haeret
2392 1496 2458 1553 in
2491 1494 2721 1568 imagi·-

591 1601 770 1662 nibus
813 1604 1152 1673 memoriae,
1191 1607 1253 1660 et
1300 1580 1575 1660 futurum
1614 1604 1751 1660 sive
1797 1605 2086 1660 voluntas
2137 1603 2375 1677 ligatur
2411 1588 2623 1659 multis
2660 1605 2722 1665 et

592 1710 862 1768 externis
901 1715 962 1767 et
1000 1711 1250 1768 internis
1292 1712 1583 1779 vinculis.
1614 1707 1678 1782 3.
1710 1708 1829 1775 75.
1861 1709 1978 1767 76.
2010 1711 2123 1767 77.

711 1820 972 1889 Tempus
1014 1817 1574 1875 transscendentale
1622 1821 1854 1889 oportet
1890 1833 2025 1874 esse
2084 1832 2234 1874 vere
2292 1820 2606 1872 aeternum
2654 1818 2724 1872 ut

591 1935 748 1978 vere
787 1920 1054 1977 existens
1092 1921 1435 1992 praesentia
1465 1937 1619 1992 pura
1658 1918 1721 1992 3.
1767 1922 1918 1997 56„
1960 1921 2061 1978 cui
2098 1921 2271 1977 nulla
2321 1921 2429 1976 vel
2478 1908 2722 1976 minima

593 2026 834 2083 macula
852 2027 1370 2083 non-existentiae
1410 2027 1490 2084 sit
1519 2027 1776 2102 adjecta,
1803 2027 1864 2086 in
1890 2044 2011 2102 qua
2045 2028 2223 2084 simul
2246 2044 2382 2085 cum
2404 2027 2727 2084 existentia

592 2143 748 2202 pura
787 2133 1069 2186 contenta
1112 2128 1193 2187 sit
1241 2128 1550 2187 liberrima
1589 2133 1903 2204 phantasia
1943 2131 2332 2205 productiva,
2385 2132 2577 2190 nullis
2617 2146 2724 2188 re-

586 2226 1008 2292 miniscentiae
1048 2231 1337 2290 limitibus
1379 2237 1648 2309 retenta,
1701 2251 1817 2292 nec
1872 2251 1989 2292 non
2045 2233 2349 2292 liberrima
2401 2236 2724 2309 voluntas,

594 2339 787 2400 nullis
817 2339 1156 2412 improvisis
1186 2339 1508 2398 eventibus
1531 2347 1592 2399 et
1617 2339 1944 2399 obstaculis
1972 2342 2276 2414 impedita.
2316 2338 2382 2412 3.
2402 2340 2724 2398 84-86,

716 2442 779 2518 3.
804 2440 959 2505 133.
1005 2447 1242 2504 Relatio
1269 2449 1550 2520 temporis
1576 2449 1656 2505 ad
1688 2450 1945 2522 spatium
1980 2454 2039 2507 et
2069 2463 2384 2506 numerum
2410 2449 2564 2508 haec
2596 2452 2723 2506 est:

716 2555 790 2612 In
812 2558 1102 2625 tem-pore
1131 2550 1271 2613 vivo
1298 2559 1546 2628 apparet
1574 2556 1861 2632 spatium,
1904 2557 1966 2614 in
1999 2571 2117 2630 quo
2149 2559 2244 2614 est
2278 2559 2529 2632 natura,
2573 2569 2729 2634 couf-

586 2661 819 2719 sistans
862 2675 943 2718 ex
984 2662 1254 2720 materiis
1303 2665 1367 2719 et
1405 2661 1778 2721 substantiis.
1818 2665 1883 2737 s.
1917 2665 2080 2722 106.

716 2768 791 2825 In
834 2772 1118 2837 tempore
1162 2762 1465 2830 historico
1504 2772 1754 2840 apparet
1794 2769 1986 2826 series
2025 2782 2444 2840 numerorum,
2497 2765 2564 2825 in
2605 2782 2730 2841 qua

584 2876 695 2930 -est
731 2871 1016 2946 historia,
1057 2874 1396 2932 consistens
1439 2889 1519 2932 ex
1558 2874 1738 2933 factis
1780 2878 1842 2931 et
1883 2873 2228 2932 eventibus.
2254 2870 2321 2944 3.
2349 2868 2491 2930 112.

719 2980 792 3035 In
833 2986 1118 3050 tempore
1142 2977 1743 3040 transscendentali
1783 2985 2032 3055 apparet
2067 2995 2234 3038 mera
2261 2979 2744 3052 temporis-per·-

594 3097 670 3152 ρο
709 3083 890 3141 notio.
923 3080 985 3155 Β.
1015 3080 1167 3143 127.

729 3184 793 3259 3.
825 3182 977 3245 134.
1017 3192 1091 3247 In
1128 3195 1391 3264 tempore
1432 3193 1713 3251 historico
1748 3194 1954 3254 existit
1989 3199 2051 3252 et
2084 3197 2320 3266 tempus
2362 3195 2423 3249 et
2465 3190 2731 3290 spatium

584 3298 668 3353 ‚et
706 3309 1017 3354 numerus.
1056 3294 1128 3367 S.
1165 3297 1276 3369 68.
1308 3297 1428 3355 46.
2069 3297 2076 3311 ’

721 3403 797 3460 In
832 3405 1094 3474 tenpore
1135 3403 1284 3461 vivo
1319 3405 1528 3463 existit
1567 3411 1628 3464 et
1673 3410 1907 3480 tempus
1954 3414 2015 3466 et
2060 3408 2318 3482 spatium
2357 3420 2558 3480 neque
2603 3419 2736 3462 nu-

602 3518 826 3572 merus,
866 3506 1068 3577 §.62

723 3612 796 3667 ln
830 3614 1094 3706 tempore
1135 3629 1244 3684 per
1282 3629 1350 3671 se
1394 3616 1658 3674 existere
1675 3572 1931 3691 ‘oportet
1969 3619 2167 3677 solum
2206 3623 2472 3693 tempus,
2524 3629 2733 3689 neque

604 3713 880 3788 spatium,
921 3730 1120 3806 neque
1146 3733 1454 3779 numerus.
1500 3716 1562 3790 3.
1592 3720 1710 3784 72.

723 3818 787 3894 3.
825 3816 979 3882 135.
1024 3827 1284 3898 Tempus
1329 3842 1438 3904 per
1486 3842 1555 3883 se
1612 3832 1708 3886 est
1756 3826 2100 3900 compositio
2140 3827 2321 3884 trium
2354 3824 2737 3887 mundorum.

611 3924 678 4000 §-
711 3922 859 3985 83.:

726 4027 799 4103 1)
838 4033 1056 4091 Mundi
1117 4030 1545 4110 eminentiae,
1618 4037 1681 4094 in
1739 4052 1856 4111 quo
1913 4038 2185 4095 vivimus
2225 4036 2290 4094 in
2352 4037 2516 4092 statu
2554 4026 2742 4106 viyili

606 4136 777 4218 vitae
817 4143 1074 4195 nostrae.
1115 4139 1186 4210 S.
1227 4140 1343 4198 88.

729 4241 812 4318 2)
853 4246 1071 4306 Mundi
1105 4243 1507 4319 phantasiae
1545 4253 1653 4306 aut
1692 4244 2065 4327 imayinum,
2108 4250 2168 4308 in
2211 4266 2330 4324 quo
2359 4249 2631 4308 vivimus
2670 4246 2742 4306 in

610 4354 774 4408 statu
815 4353 1192 4410 somniorum.
1237 4350 1302 4424 3.
1332 4351 1437 4412 88.

732 4451 816 4526 3)
854 4457 1070 4516 Mundi
1113 4454 1575 4519 desideriorum
1615 4465 1722 4520 aut
1761 4457 2000 4522 virium
2042 4458 2365 4524 vicalimm
