2950 5147
1080 262 1706 346 *29*

173 461 266 527 &ss
322 462 549 544 entgem
608 464 735 528 bem
785 463 1220 544 reflectitenben
1263 466 1580 547 &menceu-
1626 467 1821 547 fetuct
1875 467 2040 547 nicht,
2084 468 2197 549 bui}
2240 471 2337 535 ber
2385 469 2617 552 ffiegtiff

170 571 256 637 bic
291 571 605 652 &gnanus
649 575 778 638 ber
809 573 1431 658 ‘nugemeiubeit
1474 577 1655 659 trtigtr
1704 578 1825 643 eine
1857 579 2171 657 munitat,
2216 581 2415 660 metae
2457 595 2613 663 gum·

171 697 287 748 non
333 686 459 748 hem
503 685 610 748 ben
659 682 894 766 §Begriff
937 688 1347 768 ergeugeuben,
1407 686 1514 754 mit
1560 689 2061 769 &rotbmeubigreit
2121 705 2239 756 nou
2296 695 2403 756 beu
2459 692 2615 769 firm:

170 3215 503 3270 tellectivam
538 3233 600 3271 ex
636 3217 736 3272 hoc
772 3217 915 3285 quod
951 3217 1179 3287 percipit
1215 3234 1269 3270 se
1306 3217 1629 3285 intelligere.
1683 3217 1806 3271 Alio
1830 3217 1986 3271 modo
2021 3218 2078 3270 in
2113 3216 2396 3279 unversali,
2431 3232 2617 3270 secun·

170 3299 297 3352 dum
328 3301 475 3368 'quod
510 3304 760 3354 naturam
796 3301 1059 3355 humanae
1105 3302 1303 3355 mentis
1350 3318 1411 3354 ex
1447 3303 1575 3355 actu
1617 3300 1928 3355 intellectus
1970 3300 2381 3355 consideramus·
2401 3339 2413 3352 .
2433 3339 2446 3353 .
2465 3339 2477 3352 .
2515 3299 2616 3354 Sed

172 3386 236 3439 ad
272 3386 559 3440 secundam
595 3387 959 3455 cognitionem
994 3387 1058 3441 de
1094 3390 1271 3440 mente
1306 3386 1609 3441 habendam
1643 3402 1747 3440 non
1784 3386 1989 3440 sufficit
2022 3386 2135 3455 ejus
2169 3386 2486 3454 praesentia,
2521 3385 2614 3438 sed

169 3470 464 3538 requiritur
495 3471 730 3539 diligens
764 3475 821 3526 et
856 3472 1075 3527 subtilis
1110 3472 1411 3540 inquisitio·
1469 3472 1625 3527 Unde
1657 3476 1713 3526 et
1747 3473 1920 3526 multi·
1938 3475 2189 3526 naturam
2224 3471 2429 3525 animae
2464 3470 2617 3537 igno-

167 3557 308 3618 rant,
340 3558 398 3608 et
432 3554 593 3609 multi
624 3556 792 3610 etiam
826 3557 968 3611 circa
998 3560 1246 3610 naturam
1282 3556 1489 3611 animae
1523 3560 1849 3610 erraverunt.

380 3638 426 3706 ¹)
477 3640 630 3694 Unde
674 3641 731 3692 in
777 3641 988 3695 homine
1039 3641 1115 3695 sic
1159 3641 1441 3695 intellecto
1494 3643 1580 3694 est
1629 3640 1735 3694 duo
1783 3641 2141 3695 considerare:
2193 3640 2400 3695 scilicet
2443 3640 2616 3708 ipsam

171 3727 422 3777 naturam
456 3724 743 3779 humanam
779 3742 870 3780 seu
904 3727 1110 3780 habens
1145 3744 1286 3780 eam:
1321 3730 1377 3781 et
1412 3727 1583 3795 ipsam
1607 3727 2068 3781 universalitatem
2102 3742 2195 3779 seu
2224 3724 2615 3780 absractionem

170 3825 203 3861 a
234 3808 398 3862 dictis
435 3810 834 3864 conditionibus
868 3811 1139 3865 materiae.
1209 3812 1485 3876 Quantum
1520 3811 1589 3865 ad
1624 3811 1881 3878 primum:
1914 3811 2072 3864 homo
2106 3810 2241 3864 dicit
2272 3825 2408 3862 rem:
2450 3825 2616 3877 quan·

171 3896 289 3946 tum
323 3910 446 3948 vero
481 3895 549 3949 ad
583 3895 874 3949 secundum
907 3895 1046 3949 dicit
1079 3896 1454 3950 intentionem.
1509 3898 1631 3950 Non
1666 3896 1808 3950 enim
1846 3896 1906 3948 in
1937 3912 1991 3949 re
2026 3895 2297 3949 invenitur
2329 3894 2486 3948 homo
2522 3895 2617 3964 qui

171 3995 276 4032 non
313 3979 388 4032 sit
420 3979 509 4034 hic
545 3983 602 4034 et
636 3995 803 4033 nunc:
847 3981 904 4033 et
937 3980 1057 4047 ipsa
1095 3982 1309 4045 natura,
1353 3984 1416 4034 ut
1461 3982 1539 4035 sic
1582 3981 1786 4035 dicitur
1826 3997 1940 4034 esse
1982 3980 2154 4048 prima
2196 3979 2446 4032 intentio.
2514 3980 2617 4033 Sed

172 4066 300 4132 quia
333 4065 644 4119 intellectus
677 4064 977 4120 reflectitur
1020 4081 1183 4134 supra
1222 4084 1278 4119 se
1312 4067 1520 4135 ipsum:
1566 4071 1623 4121 et
1667 4083 1831 4134 supra
1874 4082 1937 4119 ea
1968 4081 2103 4134 quae
2138 4065 2194 4117 in
2239 4080 2300 4117 eo
2346 4066 2475 4115 sunt
2506 4063 2618 4117 sive

170 4149 464 4217 subjective
499 4149 610 4202 sive
646 4149 936 4217 objective:
984 4149 1286 4203 considerat
1331 4151 1528 4203 iterum
1562 4150 1830 4203 hominem
1866 4150 1942 4203 sic
1979 4165 2012 4202 a
2044 4166 2099 4202 se
2133 4148 2467 4201 intellectum
2502 4146 2616 4201 sine

171 4234 570 4290 conditionibus
604 4234 888 4287 materiae:
936 4238 992 4287 et
1036 4233 1185 4288 videt
1221 4235 1363 4302 quod
1401 4235 1528 4288 talis
1563 4237 1761 4288 natura
1795 4251 1914 4288 cum
1947 4234 2049 4287 tali
2082 4231 2491 4286 universalitate
2525 4248 2616 4285 seu

170 4319 536 4373 abstractione
570 4318 851 4373 intellecta
895 4320 1076 4386 potest
1110 4319 1343 4374 attribui
1376 4319 1506 4373 huic
1554 4319 1609 4373 et
1658 4318 1741 4372 illi
1780 4318 2085 4372 individuo:
2126 4321 2183 4372 et
2225 4315 2367 4385 quod
2402 4316 2618 4369 realiter

170 4408 255 4459 est
289 4403 347 4457 in
380 4403 482 4457 hoc
513 4405 572 4457 et
605 4402 701 4456 ino
736 4402 1042 4457 individuo:
1076 4403 1198 4457 ideo
1221 4403 1418 4457 format
1448 4402 1738 4457 secundam
1774 4402 2133 4456 intentionem
2162 4402 2228 4455 de
2260 4401 2363 4456 tali
2394 4406 2615 4455 natura:

170 4492 227 4543 et
277 4489 416 4544 hanc
467 4492 625 4543 vocat
670 4488 969 4544 universale
1014 4505 1108 4543 seu
1151 4488 1535 4557 praedicabile:
1575 4489 1667 4543 -vel
1713 4488 2037 4557 hujusmodi.
2108 4487 2272 4556 Opus,
2314 4487 2397 4552 48,
2432 4486 2616 4541 totius

169 4574 403 4642 Logicae
437 4574 750 4631 Aristotelis
787 4575 1029 4629 Summa:
1065 4591 1178 4644 cap.
1219 4576 1263 4629 1.
