2950 5147
1340 253 1765 316 ...44-

437 423 606 501 lieri,
678 430 747 484 ut
809 423 1071 506 „genius
1136 422 1359 501 aliquis·
1413 423 1717 504 malignus
1762 422 2047 502 idemque
2092 441 2329 487 summe
2376 431 2593 502 potens
2641 435 2709 491 et

439 532 695 596 callidus
744 534 852 610 (cf.
905 534 1169 595 meditat.
1226 531 1307 606 l.)
1353 551 1523 595 suam
1570 533 1931 601 industriam
1977 535 2041 594 in
2102 551 2199 594 me
2258 534 2531 599 sallendo
2578 555 2704 616 po-

436 639 576 710 natf‘
592 661 610 716 3
661 639 776 703 hac
817 647 1102 721 tanquam
1136 623 1481 722 *praecipua
1531 630 2022 718 causa‚ductu8‚
2090 650 2417 722 antequam
2458 645 2532 706 ad
2582 665 2708 708 na-

440 755 642 812 turam
683 753 923 831 transit,
966 753 1078 814 Dei
1116 751 1475 814 realitatem‘
1504 752 1757 830 probat3
1815 751 1961 814 hinc
2006 749 2273 833 denique
2317 755 2375 814 ei
2418 754 2702 834 perfecta

439 862 658 921 mentis
713 863 905 941 ipsius
960 863 1232 944 cognitio
1297 863 1518 924 oritur.
1608 861 1733 924 lmo
1800 878 1877 923 eo
1934 861 2136 942 usque
2185 863 2499 926 Cartesius
2544 883 2707 944 pro-

438 966 743 1049 greditur,
785 975 850 1034 ut
879 973 940 1033 in
984 971 1254 1033 meditat.
1306 969 1346 1034 3
1392 970 1585 1033 dicat:
1636 972 1992 1050 „manifeste
2022 973 2325 1056 intelligo,
2369 974 2508 1055 plus
2552 994 2706 1036 rea-

443 1077 632 1141 litatis
691 1099 832 1144 esse
898 1083 961 1145 in
1029 1083 1372 1144 substantia
1426 1081 1667 1143 infinita
1714 1099 1893 1160 quam
1938 1083 2000 1142 in
2046 1083 2246 1160 finita,
2324 1101 2397 1145 ac
2439 1084 2709 1163 proinde

395 1191 399 1195 ’
443 1189 712 1266 priorem
757 1189 1212 1271 quodammodo
1279 1194 1343 1253 in
1389 1209 1485 1252 me
1548 1208 1690 1252 esse
1750 1192 2213 1271 perceptionem
2257 1193 2475 1254 infiniti
2518 1211 2706 1272 quam

441 1299 716 1377 finiti‚,h.
765 1319 820 1362 e.
864 1300 981 1362 Dei
1026 1318 1206 1383 quam
1266 1301 1382 1362 mei
1428 1301 1645 1379 ipsius.
1737 1302 1869 1375 Qua
1936 1303 2095 1362 enim
2154 1302 2398 1363 ratione
2459 1302 2703 1364 intelli-

442 1389 682 1489 gerem,
727 1428 824 1470 me
866 1425 990 1470 nou
1036 1427 1175 1471 esse
1220 1409 1595 1488 perfectum,
1645 1410 1724 1491 ,si
1769 1410 1938 1471 nulla
1984 1412 2123 1473 idea
2163 1413 2320 1473 entis
2367 1411 2707 1491 perfectis-

330 1506 337 1518 '
443 1518 582 1598 simi
627 1519 690 1579 in
733 1537 832 1581 me
873 1520 1064 1596 esset,
1111 1539 1191 1580 ex
1231 1520 1409 1580 cuius
1455 1521 1917 1600 comparatione
1962 1516 2247 1582 defectus
2288 1539 2460 1584 meos
2502 1539 2711 1604 agno-

333 1692 336 1702 ,
447 1624 776 1691 scerem2“
875 1627 1131 1691 'santum
1175 1629 1365 1710 igitur
1420 1629 1628 1706 abest,
1700 1635 1768 1689 ut
1809 1629 2121 1692 Cartesius
2158 1632 2220 1691 in
2260 1629 2380 1693 hoc
2416 1629 2728 1709 philoso-

444 1735 675 1816 phandi
717 1732 1050 1818 principio:
1099 1755 1220 1820 ego
1263 1718 1495 1820 cogito,
1541 1756 1697 1820 ergo
1741 1756 1900 1816 sum,
1940 1739 2273 1817 subsistat,
2319 1747 2385 1801 ut
2425 1741 2487 1819 in
2530 1739 2706 1821 prin·

443 1848 560 1925 cip.
608 1848 831 1924 philos.
885 1846 940 1925 l,
981 1845 1064 1910 24
1111 1849 1357 1909 minime
1415 1847 1652 1910 dubitet
1700 1847 2041 1910 affirmare:
2107 1850 2267 1926 „iam
2312 1866 2503 1927 vero,
2562 1850 2723 1929 quia

447 1956 615 2019 Deus
656 1958 827 2020 solus
874 1960 1142 2019 omnium
1177 2005 1194 2034 ,
1267 1976 1427 2038 quae
1466 1963 1608 2019 sunt
1667 1965 1775 2020 aut
1832 1976 1972 2019 esse
2023 1965 2323 2038 possunt,
2400 1977 2553 2021 vera
2605 1965 2702 2022 est

451 2084 661 2144 causa,
707 2068 1095 2148 perspicuum
1137 2073 1254 2144 est,
1303 2057 1587 2146 optimam
1628 2067 2098 2147 philosophandi
2150 2069 2307 2130 viam
2353 2085 2470 2131 nos
2516 2080 2702 2132 secu-

300 2252 314 2260 *
430 2182 649 2253 turoS,
693 2179 748 2238 si
793 2195 875 2238 ex
916 2178 1108 2257 ipsius
1150 2176 1268 2239 Dei
1308 2179 1671 2258 cognitione
1713 2196 1919 2240 rerum
1957 2179 2031 2239 ab
2074 2196 2150 2240 eo
2198 2184 2545 2240 creatarum
2590 2197 2701 2243 ex·

442 2287 834 2368 plicationem
878 2287 1187 2349 deducere
1230 2303 1547 2370 conemur,
1595 2295 1660 2349 ut
1692 2288 1775 2348 ita
1814 2289 2133 2349 scientiam
2162 2288 2700 2368 perfectissimam,

450 2386 612 2477 quae
655 2403 748 2459 est
793 2397 1078 2459 effectum
1125 2416 1236 2478 per
1283 2414 1528 2475 causaS,
1573 2397 2015 2476 acquiramus“.
2345 2410 2350 2411 ⁷

621 2507 780 2572 Satis
827 2507 1051 2585 elucet,
1100 2507 1415 2569 Cartesius
1461 2525 1619 2589 quae
1665 2509 2055 2570 constituerit
2110 2507 2190 2568 de
2236 2509 2486 2570 criterio
2531 2509 2707 2571 veri-

449 2620 613 2697 tatis,
658 2620 967 2681 simillima
1010 2636 1154 2681 esse
1199 2619 1433 2696 placitis
1466 2618 1823 2700 Augustini.
1910 2618 2180 2680 Conatus
2222 2625 2349 2697 est,
2374 2620 2693 2682 criterium

452 2728 600 2796 illud
663 2729 1162 2809 quammaxime
1217 2746 1372 2791 cum·
1419 2728 1807 2810 cogitatione
1868 2728 1967 2790 sui
2026 2727 2223 2809 ipsius
2288 2728 2704 2811 coniungere,

448 2839 622 2901 Haec
681 2840 907 2901 etenim
967 2858 1046 2900 ex
1091 2840 1224 2900 eius
1298 2840 1607 2901 sententia
1664 2838 1927 2918 simplex
1986 2845 2081 2899 est
2140 2824 2368 2899 'mentis
2408 2839 2706 2917 intuitus,

460 2967 640 3028 quem
706 2948 876 3009 clare
936 2955 998 3010 et
1072 2948 1364 3011 distincte
1437 2924 1762 3029 percipio.x
1840 2948 2016 3011 Unde
2082 2946 2332 3009 deducit
2401 2948 2712 3029 regulam,

457 3059 662 3121 omnia
713 3075 854 3123 esse
906 3075 1079 3136 vera,
1125 3076 1286 3136 quae
1331 3059 1504 3121 clare
1544 3065 1610 3120 et
1654 3059 1941 3120 distincte
1984 3058 2417 3137 persipiantur.
2463 3039 2473 3050 “
2510 3057 2709 3138 Atqui

465 3170 634 3231 clarc
699 3176 761 3231 et
828 3166 1116 3230 distincte
1173 3170 1364 3231 Deum
1422 3170 1796 3250 percipimus
1856 3187 1936 3230 ex
1993 3169 2131 3230 idea
2188 3168 2323 3230 eius
2382 3167 2562 3228 nobis
2609 3169 2713 3229 in-

452 3280 590 3342 sita.
661 3278 961 3351 Quoniam
1006 3278 1166 3337 hunc
1212 3279 1413 3339 solum
1457 3280 1657 3341 nostri
1701 3286 2146 3348 creatorem‘et
2188 3283 2705 3369 conservatorem

447 3388 874 3469 intelligimus,
921 3406 1000 3449 ex
1045 3405 1145 3465 eo,
1193 3390 1254 3448 in
1301 3404 1419 3468 quo
1466 3390 1700 3451 lateant
1738 3406 1951 3451 omnes
1981 3390 2373 3451 scientiarum
2404 3386 2709 3465 thesauri,

451 3516 569 3561 uos
606 3503 670 3561 et
700 3498 902 3579 omnia
947 3499 1062 3560 alia
1107 3498 1556 3577 perfectissime
1588 3498 2047 3580 cognoscimus.
2090 3497 2500 3560 Nihilominus
2546 3481 2719 3559 idemv
2814 3508 2825 3515 ·

447 3610 583 3672 vitii
629 3610 794 3671 inest
837 3610 899 3669 in
933 3609 1191 3685 Cartesii
1237 3627 1419 3689 quam
1469 3610 1530 3672 in
1572 3608 1909 3690 Augustini
1952 3610 2218 3686 ratione,
2264 3625 2385 3689 qua
2428 3606 2713 3689 regulam

450 3721 730 3783 veritatis
780 3718 1154 3797 definivere;
1213 3719 1501 3780 nimirum
1543 3719 1883 3799 requiritur
1928 3724 2214 3780 accurata
2260 3723 2320 3779 et
2362 3718 2545 3796 plena
2590 3735 2711 3796 ex-

448 3831 698 3910 plicatio
761 3815 944 3907 viae,
1005 3847 1124 3910 qua
1193 3829 1270 3891 ad
1331 3847 1462 3891 eam
1514 3830 1934 3910 perveniatur.
2038 3828 2190 3889 Nam
2255 3826 2452 3889 ideam
2509 3827 2711 3890 nostri

454 3948 519 4003 et
561 3940 678 4016 Dei
724 3946 787 4001 et
828 3936 1143 4013 fundatam
1186 3940 1250 4001 in
1297 3939 1388 4002 his
1447 3939 1605 4002 ideis
1668 3940 1950 4021 regulam
2011 3938 2289 4000 veritatis
2335 3936 2748 3999 mediatione,

452 4051 558 4114 vel
633 4068 936 4133 processu
1007 4052 1164 4113 oriri
1226 4058 1288 4114 et
1342 4050 1732 4132 Augustinus
1798 4057 1859 4111 et
1918 4048 2227 4120 Cartesius
2312 4045 2709 4109 animadver-

449 4167 675 4224 terunt.
763 4162 852 4225 Ea
895 4144 1121 4241 tamen,
1161 4180 1317 4240 quae
1364 4160 1525 4242 apud
1564 4178 1674 4225 eos
1711 4160 2042 4239 invenitur,
2090 4141 2711 4237 descriptio‘media-

2883 4687 2887 4739 ,
