2950 5147
1159 249 1530 338 *24
1631 293 1812 314 -,,

264 449 353 552 bie
405 452 868 538 menithinne
915 455 1156 524 &ecte
1219 456 1329 539 5011
1384 456 1490 538 fid)
1547 454 1717 538 fetbft
1774 453 2167 522 unmittetbm:
2229 451 2382 533 nicht
2440 445 2714 535 etiamn,

263 567 514 650 fontem
570 584 692 633 nur
739 567 1007 648 buburcb,
1070 565 1183 646 δαῖς
1241 566 1315 645 [ie
1358 564 1634 632 manetes
1692 564 1906 646 etfasst,
1972 580 2078 646 gut·
2124 559 2495 643 &tienntniss
2552 560 2715 644 ityret

264 676 431 757 fetbst
474 676 760 760 gestingen
789 675 872 758 ¹).
948 674 1161 759 OEssjei
1204 675 1390 756 maht,
1435 679 1567 742 maz
1599 673 1955 758 wttiftotetess
1988 673 2148 755 iuge:
2194 671 2331 739 mcii
2368 670 2483 738 mit
2519 671 2716 752 maht:

264 788 528 868 netymen,
594 786 708 868 bob
767 784 877 850 mit
936 785 1216 852 etfenuen
1275 787 1398 851 unb
1459 785 1815 868 empfinben,
1882 784 2166 850 erfenuen
2220 782 2353 864 mir,
2420 781 2564 862 bob⁴
2600 779 2717 845 mir

264 2264 438 2319 lectus
472 2263 658 2316 noster
689 2259 981 2314 secundum
1016 2261 1223 2312 statum
1258 2259 1558 2328 praesentis
1595 2259 1738 2313 vitae
1771 2259 2073 2313 naturalem
2107 2260 2408 2328 respectum
2440 2258 2611 2313 habet
2645 2257 2717 2312 ad

266 2351 488 2402 naturas
522 2363 698 2401 rerum
732 2344 1121 2410 materialium;
1168 2344 1311 2398 unde
1342 2345 1483 2398 nihil
1516 2345 1787 2412 intelligit
1819 2345 1926 2397 nisi
1962 2344 2319 2399 convertendo
2353 2360 2408 2398 se
2443 2344 2511 2398 ad
2546 2343 2719 2412 phan-

267 2435 521 2498 tasmata,
557 2434 622 2485 ut
654 2447 716 2485 ex
752 2430 914 2485 dictis
949 2432 1118 2498 patet,
1155 2445 1245 2498 qu.
1278 2429 1358 2496 84,
1401 2432 1505 2483 art.
1541 2431 1589 2484 7.
1656 2430 1729 2485 Et
1774 2429 1852 2485 sic
1884 2430 2233 2484 manifestum
2273 2433 2357 2483 est
2403 2428 2545 2498 quod
2591 2429 2719 2482 sub-

267 2517 502 2572 stantias
537 2515 935 2580 immateriales,
985 2530 1120 2583 quae
1169 2515 1269 2568 sub
1305 2530 1462 2568 sensu
1498 2518 1554 2568 et
1590 2515 1981 2583 imaginatione
2024 2530 2131 2567 non
2180 2513 2398 2578 cadunt,
2444 2513 2617 2582 primo
2660 2515 2718 2566 et

266 2620 360 2672 per
393 2618 448 2655 se
481 2600 773 2655 secundum
805 2599 1023 2653 modum
1057 2599 1381 2666 cognitionis
1415 2599 1574 2653 nobis
1610 2604 1884 2669 expertum
1928 2600 2235 2667 intelligere
2267 2615 2373 2651 non
2416 2614 2720 2666 possumus·

268 2686 412 2742 Ibid.
448 2702 537 2754 qu.
571 2684 653 2749 88,
689 2686 790 2737 art.
829 2688 872 2747 1,
908 2700 1048 2751 resp.
1075 2722 1121 2737 ..

470 2771 518 2836 ¹)
553 2769 708 2824 Unde
742 2785 890 2821 mens
925 2771 1112 2821 nostra
1143 2785 1249 2821 non
1285 2770 1469 2837 potest
1504 2784 1559 2822 se
1595 2768 1769 2836 ipsam
1804 2768 2125 2837 intelligere,
2158 2769 2244 2821 ita
2278 2768 2419 2836 quod
2455 2784 2509 2820 se
2541 2768 2717 2835 ipsam

269 2854 578 2909 immediate
627 2852 992 2921 apprehendat
1003 2874 1016 2917 ;
1060 2852 1149 2905 sed
1198 2868 1259 2905 ex
1302 2853 1404 2905 hoc
1450 2851 1593 2920 quod
1643 2851 1998 2921 apprehendit
2044 2853 2165 2917 alia,
2211 2852 2430 2906 devenit
2473 2851 2528 2903 in
2563 2868 2717 2905 suam

269 2938 651 3007 cognitionem.
723 2938 941 3004 Quaest.
975 2937 1041 2991 de
1075 2937 1322 2991 Veritate
1356 2937 1562 3006 disput.
1597 2953 1685 3005 qu.
1722 2938 1800 3002 10,
1837 2939 1939 2990 art.
1974 2937 2023 3001 8,
2057 2954 2194 3005 resp.
2215 2976 2263 2991 ..

467 3022 517 3090 ²)
552 3024 618 3077 In
653 3023 754 3075 hoc
789 3023 931 3076 enim
965 3022 1163 3091 aliquis
1193 3022 1425 3091 percipit
1459 3039 1515 3076 se
1542 3022 1772 3076 animam
1799 3023 2009 3087 habere,
2046 3025 2102 3076 et
2126 3023 2305 3077 vivere
2329 3026 2385 3077 et
2408 3037 2537 3085 esse,
2572 3020 2717 3089 quod

268 3106 498 3177 percipit
534 3124 590 3161 se
625 3108 841 3173 sentire,
877 3109 935 3161 et
967 3107 1294 3175 intelligere,
1329 3111 1385 3161 et
1421 3096 1529 3161 alia
1561 3108 1868 3173 hujusmodi
1903 3108 2048 3162 vitae
2084 3124 2245 3177 opera
2277 3124 2539 3161 exercere:
2573 3106 2717 3160 unde

267 3193 403 3247 dicit
427 3192 785 3261 Philosophus
809 3192 865 3269 in
891 3193 971 3246 lX
994 3193 1174 3247 Ethic.
1199 3193 1336 3261 (cap.
1366 3193 1447 3247 IX
1467 3193 1611 3246 inter
1641 3193 1810 3261 princ.
1834 3195 1890 3246 et
1913 3193 2072 3259 med.)
2123 3192 2460 3247 Sentimus
2496 3193 2717 3245 autem

267 3277 590 3346 quoniam
614 3278 972 3341 sentimus;
1001 3281 1066 3332 et
1094 3278 1591 3346 intelligimus„
1620 3278 1936 3346 quoniam
1963 3278 2450 3347 intelligimus:
2473 3280 2539 3330 et
2562 3276 2719 3343 quia

264 3361 390 3415 hoc
422 3361 781 3426 sentimus,
815 3360 1292 3429 intelligimus
1325 3361 1648 3430 quoniam
1682 3379 1927 3416 sumus,
1978 3362 2174 3416 Nullus
2204 3366 2384 3416 autem
2408 3361 2637 3429 percipit
2661 3377 2717 3413 se

263 3446 587 3515 intelligere,
619 3446 726 3499 nisi
759 3464 822 3500 ex
847 3447 948 3500 hoc
973 3446 1114 3514 quod
1139 3447 1347 3516 aliquid
1380 3448 1665 3516 intelligit,
1710 3448 1840 3517 quia
1874 3449 2021 3517 prius
2045 3450 2130 3503 est
2155 3449 2462 3516 intelligere
2491 3445 2718 3513 aliquid,

267 3548 429 3601 quam
464 3531 772 3600 intelligere
804 3548 860 3585 se
896 3532 1230 3600 intelligere:
1267 3536 1324 3586 et
1356 3533 1475 3587 ideo
1512 3534 1758 3603 pervenit
1794 3534 1972 3588 anima
2004 3534 2073 3587 ad
2104 3534 2392 3587 actualiter
2424 3532 2718 3601 percipien-

263 3617 393 3671 dum
427 3632 484 3670 se
520 3632 634 3670 esse
672 3632 766 3685 per
799 3615 935 3670 illud
961 3617 1104 3683 quod
1130 3616 1397 3684 intelligit
1430 3618 1517 3672 vel
1545 3619 1744 3671 sentit.
1766 3658 1778 3671 .
1799 3658 1811 3671 .
1846 3617 2057 3671 Adhoc
2082 3620 2263 3671 autem
2288 3616 2430 3685 quod
2454 3615 2719 3684 percipiat

265 3700 445 3756 anima
469 3716 524 3753 se
550 3718 679 3767 esse,
714 3703 771 3755 et
795 3700 926 3769 quid
948 3702 1006 3755 in
1029 3718 1084 3754 se
1112 3702 1230 3770 ipsa
1255 3706 1470 3770 agatur,
1506 3702 1776 3768 attendat,
1810 3719 1918 3756 non
1939 3702 2234 3771 requiritur
2256 3701 2452 3771 aliquis
2475 3700 2719 3764 habitus,

266 3785 359 3839 sed
394 3786 463 3839 ad
496 3785 599 3840 hoc
633 3785 840 3840 sufficit
874 3786 990 3841 sola
1023 3787 1261 3840 essentia
1294 3788 1517 3854 animae,
1568 3804 1703 3854 quae
1738 3788 1908 3842 menti
1942 3791 2026 3841 est
2059 3804 2336 3857 praesens:
2383 3803 2446 3841 ex
2479 3802 2543 3840 ea
2573 3785 2718 3839 enim

265 3873 419 3925 actus
454 3870 890 3940 progrediuntur,
926 3871 983 3925 in
1020 3871 1216 3941 quibus
1251 3871 1542 3927 actualiter
1572 3872 1693 3941 ipsa
1725 3874 2037 3942 percipitur.
2106 3872 2250 3927 Ibid.
2268 3913 2282 3926 .
2301 3913 2315 3927 .

471 3956 518 4024 ⁸)
572 3956 675 4010 Est
709 3959 890 4011 autem
926 3956 1064 4010 alius
1101 3957 1428 4023 intellectus,
1475 3958 1685 4013 scilicet
1718 3959 1998 4024 humanuS,
2048 3958 2141 4027 qui
2180 3974 2277 4012 nec
2312 3959 2397 4011 est
2440 3972 2594 4011 suum
2640 3956 2722 4009 in-

264 4040 526 4108 telligere,
561 4058 659 4095 nec
693 4048 780 4095 sut
815 4042 1122 4111 intelligere
1157 4045 1242 4097 est
1267 4042 1537 4110 objectum
1561 4043 1792 4111 primum
1827 4044 1949 4113 ipsa
1971 4043 2084 4112 ejus
2108 4044 2359 4108 essentia,
2395 4042 2486 4096 sed
2511 4042 2722 4109 aliquid

262 4126 632 4191 extrinsecum,
667 4126 876 4181 scilicet
910 4130 1108 4181 natura
1141 4128 1438 4182 materialis
1473 4128 1569 4181 rei.
1635 4128 1710 4181 Et
1745 4127 1865 4182 ideo
1900 4128 1957 4182 id
1994 4128 2135 4196 quod
2172 4128 2342 4196 primo
2378 4126 2725 4195 cognoscitur

264 4209 334 4263 ab
367 4208 653 4275 intellectu
687 4211 936 4277 human0,
970 4216 1056 4267 est
1090 4212 1395 4281 hujusmodi
1429 4211 1725 4281 objectum;
1777 4217 1833 4268 et
1876 4213 2191 4268 secundario
2228 4212 2572 4280 cognoscitur
2604 4211 2722 4279 ipse

263 4297 433 4360 actuS,
481 4310 586 4363 quo
636 4296 981 4363 cognoscitur
1023 4296 1316 4365 objectum3
1369 4300 1427 4352 et
1474 4314 1569 4366 per
1615 4300 1796 4351 actum
1843 4298 2188 4367 cognoscitur
2234 4298 2347 4366 ipse
2392 4297 2721 4361 intellectus,

265 4377 414 4445 cujus
437 4381 522 4432 est
546 4380 842 4447 perfectio'
827 4398 1002 4449 ipsum
1027 4382 1352 4451 intelligere.
1411 4384 1486 4436 Et
1509 4383 1628 4437 ideo
1654 4384 2013 4453 Philosophus
2048 4384 2184 4439 dicit
2220 4384 2316 4437 lib.
2350 4382 2384 4435 2
2415 4384 2480 4437 de
2505 4383 2719 4445 Anima,

263 4463 501 4613 textgssss,
525 4464 698 4614 (1ῗοιέ
692 4465 905 4533 objecta
926 4470 1453 4536 praecognoscuntur
1477 4468 1705 4535 actibuS‚
1730 4471 1786 4523 et
1812 4473 1965 4524 actus
1991 4469 2268 4538 potentiis
2312 4469 2456 4522 Sum.
2478 4467 2645 4521 theol.
2670 4468 2717 4532 I,

265 4562 337 4616 qu
511 4564 569 4601 ar
733 4566 902 4618 resp..
1396 4574 1402 4578 ·
