2950 5147
1292 268 1381 289 ’-
1474 240 1729 306 34-

377 385 731 508 telligitur“.
795 420 916 503 Res
965 411 1270 495 completa
1319 411 1655 474 secundum
1704 395 1951 472 easdem
1999 410 2449 491 responsiones
2500 405 2650 486 „ni-

377 538 460 598 hil
507 532 675 596 aliud
721 527 1090 609 intelligitur
1137 541 1316 602 quam
1359 520 1699 582 substantia
1742 519 1954 593 induta
2001 522 2077 582 iis
2125 519 2338 581 formis
2387 538 2437 582 s.
2476 517 2653 580 attri-

386 646 582 721 butiS,
648 636 812 721 quae
855 635 1200 708 sufficiunt,
1271 637 1336 693 ut
1396 649 1473 692 ex
1518 631 1593 691 iis
1641 646 2010 726 agnoscam,
2056 630 2253 708 ipsam
2300 641 2455 732 esse·
2486 629 2648 731 sub-

381 749 723 817 stantiam&
817 746 1076 823 Princip.
1123 742 1271 823 phil.
1328 739 1382 818 l,
1425 737 1540 802 60:
1606 739 2017 817 „substantias
2075 738 2444 819 percipimus
2494 754 2527 798 a
2575 754 2649 799 se

387 862 595 924 mutuo
641 857 899 923 realiter
947 871 1088 918 esse
1135 848 1454 913 distinctas
1502 868 1580 910 ex
1608 848 1728 910 hoc
1771 849 1935 922 solo,
1984 847 2153 928 quod
2183 860 2367 908 unam
2407 848 2652 936 absque

387 973 579 1032 altera
627 968 797 1029 clare
857 971 918 1026 et
965 946 1266 1026 distincte·
1320 960 1670 1040 intelligere
1729 957 2095 1038 possimus-‘fi
2186 957 2338 1018 Tota
2386 955 2655 1053 demon-

385 1079 600 1141 stratio
647 1077 833 1139 realis
881 1073 1295 1147 distinctionis
1341 1087 1415 1132 eo
1459 1069 1672 1143 tendit,
1722 1075 1789 1129 ut
1835 1074 2096 1128 mentem
2129 1086 2161 1128 a
2210 1083 2477 1145 corpore
2524 1064 2654 1127 dira

391 1168 689 1249 ferentem
751 1201 891 1245 esse
954 1181 1105 1243 'inde
1164 1158 1581 1259 intelligatur,
1647 1176 1808 1256 quod
1870 1175 2162 1257 cogitatio
2223 1183 2284 1238 et
2341 1176 2656 1250 extensio,

392 1314 642 1377 quarum
686 1294 882 1355 altera
918 1291 1144 1352 ¹mentis
1194 1297 1491 1363 naturam,
1543 1287 1825 1364 corporis
1873 1286 2066 1346 altera
2114 1286 2449 1362 constituit,
2497 1285 2655 1346 nihil

396 1421 725 1466 commune
796 1401 1096 1470 habeant,
1173 1399 1588 1476 undequeat
1655 1393 1988 1456 earundem
2051 1396 2251 1456 unitas
2300 1392 2657 1456 essentialis

400 1514 643 1576 confici
1105 1502 1108 1504 ⁷
1340 1510 1342 1512 ’
1995 1515 2003 1522 “
2449 1509 2451 1512 ’
2653 1517 2657 1521 ·

379 1609 383 1611 ’
567 1623 783 1698 Prima,
830 1637 987 1699 quae
1031 1636 1162 1680 cum
1196 1618 1410 1678 notitia
1447 1615 1546 1676 >sui
1594 1615 2000 1692 connectitur,
2048 1613 2186 1675 idea
2220 1632 2293 1674 ea
2326 1621 2442 1690 est,
2472 1632 2664 1692 ,quam

398 1733 476 1796 de
520 1733 652 1794 Deo
697 1716 1029 1805 habemus(
1108 1716 1271 1791 Duas
1319 1731 1523 1811 autem
1581 1726 1709 1786 vias
1770 1741 1945 1785 mens
1992 1725 2339 1805 ingreditur
2386 1723 2465 1785 ‘ad
2515 1726 2665 1785 exi-
2744 1780 2760 1783 -

393 1826 676 1904 atentiam
721 1841 838 1901 Dei
880 1836 1412 1918 comprobandam,
1460 1852 1717 1914 quarum
1760 1829 1883 1896 ima
1930 1840 2025 1894 est
2069 1851 2178 1912 per
2227 1832 2510 1911 effectuS,
2562 1836 2670 1896 al-
2735 1908 2741 1918 Ι

301 1939 317 1949 ’
395 1959 528 2014 tera
574 1969 683 2030 per
730 1951 1050 2012 notionem
1097 1947 1207 2008 Dei
1235 1947 1460 2024 ipsam.
1524 1942 2085 2025 Utraque.rat·ione
2118 1945 2431 2006 Cat-tesius
2463 1940 2667 2007 Deum

372 2056 545 2122 'esse
591 2059 862 2121 ostendit
905 2059 969 2118 in
1014 2057 1269 2136 princip.
1316 2048 1541 2134 philos,
1594 2053 1651 2130 l,
1706 2051 1971 2115 tat—24.
2015 2079 2032 2086 r
2065 2055 2152 2114 lbi
2198 2042 2451 2139 primum
2504 2066 2666 2120 con-

405 2169 642 2243 tendit,
712 2186 790 2230 ex
835 2185 910 2229 eo
941 2213 957 2244 ,
1022 2167 1184 2246 quod
1238 2166 1566 2226 existentia
1611 2167 1969 2226 necessaria
2027 2167 2088 2226 in
2136 2171 2348 2227 nostro
2396 2162 2660 2246 dqueo

403 2283 712 2358 conceptu
759 2278 1187 2350 contineatur,
1216 2274 1747 2352 recte'concludi,
1793 2275 1987 2336 Deum
2036 2277 2322 2339 existere.
2370 2268 2665 2356 (laepia-⁷

224 2420 229 2430 ·
297 2381 302 2384 ’
403 2388 566 2450 stola
612 2385 870 2466 quadam
917 2385 1099 2446 dicit:
1158 2383 1354 2463 „idem
1401 2391 1530 2461 est,
1587 2372 1919 2463 concipere
1965 2385 2159 2445 Deum
2206 2391 2264 2444 et
2310 2385 2671 2464 concipere,

401 2494 924 2578 quod-existat“.)
997 2492 1238 2554 Deinde
1276 2485 1437 2554 idem
1486 2492 1737 2566 deducit
1783 2513 1861 2556 ex
1904 2501 2128 2554 natura
2174 2494 2351 2554 ideae
2403 2494 2480 2555 de
2531 2496 2664 2556 Deo

400 2603 739 2681 formatae,
786 2622 942 2684 quae
990 2621 1123 2664 eam
1167 2602 1402 2664 habeat
1437 2600 1813 2682 „realitatcm
1857 2603 2254 2665 obiectivam“
2302 2607 2665 2684 tantamque

400 2715 676 2776 involvat
721 2713 1246 2792 „immensitatem,
1294 2718 1362 2774 ut
1406 2713 1590 2792 plane
1631 2732 1710 2775 ex
1754 2730 1829 2774 eo
1861 2714 2047 2774 simus
2078 2714 2255 2789 certi,
2301 2723 2424 2775 non
2474 2732 2673 2791 posse

405 2824 570 2885 illam
615 2823 796 2883 nobis
845 2822 1043 2883 fuisse
1084 2821 1336 2883 inditam
1378 2824 1496 2883 nisi
1528 2842 1561 2884 a
1595 2841 1687 2899 re,
1734 2824 1796 2883 in
1844 2824 2086 2901 quasit
2132 2838 2351 2883 revera
2391 2825 2667 2885 omnium

400 2930 853 3010 perfectionum
914 2929 1458 3009 complementum,
1515 2932 1573 2991 h.
1618 2950 1669 2992 e.
1722 2952 1755 2992 a
1803 2932 1937 2992 Deo
1999 2932 2252 2993 realiter
2298 2931 2669 2993 existente“.

407 3042 540 3114 Qua
585 3041 824 3101 ratione
866 3040 1049 3101 homo
1096 3040 1255 3101 hanc
1299 3040 1511 3115 ideam.
1547 3059 1579 3102 a
1610 3041 1741 3102 Deo
1782 3044 2063 3119 accepit?
2111 3041 2467 3120 Respondet
2513 3042 2673 3104 Car-

401 3129 595 3210 tesius
639 3148 701 3208 in
747 3146 1142 3209 meditatione
1185 3151 1397 3210 tertia:
1447 3168 1687 3228 „neque
1734 3151 1893 3211 illam
1940 3141 2230 3211 sensibus
2275 3143 2669 3229 hausi-,nec

405 3271 671 3331 unquam
718 3271 841 3315 non
887 3258 1269 3332 exspectanti
1317 3256 1462 3318 mihi
1510 3258 1804 3336 advenit,
1850 3266 1914 3321 ut
1957 3261 2165 3321 solent
2204 3258 2423 3320 rerum·
2452 3260 2671 3320 sensi-

404 3362 615 3424 hilium
661 3364 862 3438 ideae,
909 3380 1024 3424 nec
1055 3380 1088 3423 a
1135 3381 1231 3423 me
1282 3364 1646 3443 effictaest,
1687 3375 1831 3458 *nam
1877 3368 2027 3429 nibil
2061 3368 2133 3429 ab
2166 3368 2267 3429 illa
2311 3367 2668 3444 detrahere,

406 3471 559 3533 nihil
604 3471 693 3532 illi
739 3471 1158 3549 superaddere
1203 3472 1383 3552 plane
1411 3494 1720 3558 possum,
1782 3496 1855 3539 ac
1898 3477 2159 3556 proinde
2202 3483 2531 3556 superest,
2604 3484 2671 3540 ut
2737 3523 2740 3526 -

409 3580 493 3641 sit
537 3580 681 3640 mihi
725 3581 956 3657 innata,
1003 3580 1512 3659 quemadmodum
1559 3586 1737 3645 etiam
1785 3587 1930 3647 mihi
1981 3592 2075 3646 est
2119 3587 2325 3647 innata
2355 3583 2492 3648 idea
2545 3589 2669 3649 mei

326 3769 332 3772 Α
407 3688 622 3765 ipsius.
713 3688 790 3749 Et
833 3706 986 3752 sane
1031 3707 1159 3753 non
1203 3676 1425 3751 miru'm
1472 3699 1590 3769 est,
1636 3693 1832 3766 Deum
1878 3712 1975 3754 me
2023 3692 2542 3780 creandoideam
2581 3696 2669 3757 'il-

408 3794 546 3855 lam'
590 3796 747 3857 mihi.
780 3796 1124 3874 indidisse,
1192 3797 1260 3860 ut
1300 3807 1466 3861 esset
1512 3809 1795 3880 tanquam
1824 3798 1985 3871 'nola
2030 3785 2281 3865 artificis
2327 3805 2501 3883 operi
2551 3821 2685 3867 suo

403 3899 742 3983 impressa3
816 3922 935 3967 nec
994 3907 1175 3969 etiam
1217 3927 1374 3987 opus
1424 3916 1553 3987 est,
1615 3918 1683 3972 ut
1727 3920 1873 3974 nota
1917 3913 2021 3975 illa
2066 3915 2145 3974 sit
2190 3913 2389 3992 aliqua
2431 3901 2668 3986 res-'ab

404 4026 597 4088 opere
633 4014 769 4092 ipso
817 4013 1274 4092 diversa,‘sed'
1313 4035 1393 4078 ex
1437 4018 1556 4115 boc
1590 4018 1727 4083 ‘uno
1757 4067 1776 4095 ,
1835 4020 2001 4101 quod
2042 4021 2215 4083 Deus
2262 4039 2359 4083 me
2407 4023 2665 4099 creavit,

307 4145 311 4147 *
403 4118 584 4184 valde
629 4118 929 4185 credibile
969 4128 1083 4199 est,
1133 4125 1729 4205 mequodammodo
1776 4130 1865 4193 ad
1900 4130 2230 4213 imaginem
2270 4138 2333 4193 et
2371 4131 2670 4196 similitu-

2877 327 2882 488 l
