<?xml version="1.0" encoding="UTF-8"?>
<!DOCTYPE html PUBLIC "-//W3C//DTD XHTML 1.0 Transitional//EN"
    "http://www.w3.org/TR/xhtml1/DTD/xhtml1-transitional.dtd">
<html xmlns="http://www.w3.org/1999/xhtml" xml:lang="en" lang="en">
 <head>
  <title>
</title>
<meta http-equiv="Content-Type" content="text/html;charset=utf-8" />
  <meta name='ocr-system' content='tesseract 3.04.00' />
  <meta name='ocr-capabilities' content='ocr_page ocr_carea ocr_par ocr_line ocrx_word'/>
</head>
<body>
  <div class='ocr_page' id='page_1' title='image "aureliiaugustin00fortgoog_0057.png"; bbox 0 0 2950 5147; ppageno 0'>
   <div class='ocr_carea' id='block_1_1' title="bbox 1064 506 1475 586">
    <p class='ocr_par' dir='ltr' id='par_1_1' title="bbox 1064 506 1475 586">
     <span class='ocr_line' id='line_1_1' title="bbox 1064 506 1475 586; baseline 0.002 -16"><span class='ocrx_word' id='word_1_1' title='bbox 1064 506 1475 586; x_wconf 56' lang='grc' dir='ltr'><strong>..ευ-*-</strong></span> 
     </span>
    </p>
   </div>
   <div class='ocr_carea' id='block_1_2' title="bbox 210 668 2348 1614">
    <p class='ocr_par' dir='ltr' id='par_1_2' title="bbox 210 668 2348 1281">
     <span class='ocr_line' id='line_1_2' title="bbox 328 668 2345 761; baseline -0.001 -18"><span class='ocrx_word' id='word_1_2' title='bbox 328 681 398 756; x_wconf 64' lang='lat'>5.</span> <span class='ocrx_word' id='word_1_3' title='bbox 444 679 599 743; x_wconf 79' lang='lat'><strong>154.</strong></span> <span class='ocrx_word' id='word_1_4' title='bbox 684 687 946 758; x_wconf 80' lang='lat' dir='ltr'>Tempus</span> <span class='ocrx_word' id='word_1_5' title='bbox 974 683 1329 744; x_wconf 86' lang='lat' dir='ltr'>historicum</span> <span class='ocrx_word' id='word_1_6' title='bbox 1348 690 1631 761; x_wconf 85' lang='lat' dir='ltr'>tanquam</span> <span class='ocrx_word' id='word_1_7' title='bbox 1655 668 2011 759; x_wconf 76' lang='lat' dir='ltr'>productum</span> <span class='ocrx_word' id='word_1_8' title='bbox 2036 700 2115 743; x_wconf 85' lang='lat' dir='ltr'>ex</span> <span class='ocrx_word' id='word_1_9' title='bbox 2133 684 2345 742; x_wconf 88' lang='lat' dir='ltr'>horum</span> 
     </span>
     <span class='ocr_line' id='line_1_3' title="bbox 210 790 2344 868; baseline -0.001 -18"><span class='ocrx_word' id='word_1_10' title='bbox 210 791 394 850; x_wconf 83' lang='lat' dir='ltr'>trium</span> <span class='ocrx_word' id='word_1_11' title='bbox 464 791 821 848; x_wconf 81' lang='lat' dir='ltr'>confusione</span> <span class='ocrx_word' id='word_1_12' title='bbox 871 791 933 848; x_wconf 89' lang='lat' dir='ltr'>in</span> <span class='ocrx_word' id='word_1_13' title='bbox 1000 791 1228 868; x_wconf 78' lang='lat' dir='ltr'>animo,</span> <span class='ocrx_word' id='word_1_14' title='bbox 1284 796 1378 850; x_wconf 88' lang='lat' dir='ltr'>est</span> <span class='ocrx_word' id='word_1_15' title='bbox 1421 792 1619 866; x_wconf 85' lang='lat' dir='ltr'>quoad</span> <span class='ocrx_word' id='word_1_16' title='bbox 1671 792 1823 851; x_wconf 87' lang='lat' dir='ltr'>duas</span> <span class='ocrx_word' id='word_1_17' title='bbox 1854 797 2057 866; x_wconf 83' lang='lat' dir='ltr'>partes</span> <span class='ocrx_word' id='word_1_18' title='bbox 2107 790 2344 849; x_wconf 80' lang='lat' dir='ltr'>intuitio</span> 
     </span>
     <span class='ocr_line' id='line_1_4' title="bbox 213 895 2341 972; baseline 0.001 -18"><span class='ocrx_word' id='word_1_19' title='bbox 213 897 403 955; x_wconf 81' lang='lat' dir='ltr'><strong>nostri</strong></span> <span class='ocrx_word' id='word_1_20' title='bbox 457 896 650 968; x_wconf 88' lang='lat' dir='ltr'>ipsius</span> <span class='ocrx_word' id='word_1_21' title='bbox 697 895 875 952; x_wconf 89' lang='lat' dir='ltr'>animi</span> <span class='ocrx_word' id='word_1_22' title='bbox 925 911 1034 967; x_wconf 87' lang='lat' dir='ltr'>per</span> <span class='ocrx_word' id='word_1_23' title='bbox 1089 912 1336 954; x_wconf 88' lang='lat' dir='ltr'>sensum</span> <span class='ocrx_word' id='word_1_24' title='bbox 1381 897 1708 971; x_wconf 88' lang='lat' dir='ltr'>internum,</span> <span class='ocrx_word' id='word_1_25' title='bbox 1752 902 1813 956; x_wconf 90' lang='lat' dir='ltr'>et</span> <span class='ocrx_word' id='word_1_26' title='bbox 1859 898 2055 972; x_wconf 87' lang='lat' dir='ltr'>quoad</span> <span class='ocrx_word' id='word_1_27' title='bbox 2103 897 2341 956; x_wconf 79' lang='lat' dir='ltr'>tertiam</span> 
     </span>
     <span class='ocr_line' id='line_1_5' title="bbox 212 998 2343 1079; baseline 0.002 -22"><span class='ocrx_word' id='word_1_28' title='bbox 212 1006 443 1074; x_wconf 88' lang='lat' dir='ltr'>partem</span> <span class='ocrx_word' id='word_1_29' title='bbox 481 998 719 1056; x_wconf 82' lang='lat' dir='ltr'>intuitio</span> <span class='ocrx_word' id='word_1_30' title='bbox 761 1000 1123 1057; x_wconf 75' lang='lat' dir='ltr'>existentiae</span> <span class='ocrx_word' id='word_1_31' title='bbox 1164 1005 1453 1059; x_wconf 80' lang='lat' dir='ltr'>externae</span> <span class='ocrx_word' id='word_1_32' title='bbox 1493 1002 1556 1059; x_wconf 92' lang='lat' dir='ltr'>in</span> <span class='ocrx_word' id='word_1_33' title='bbox 1608 1003 1998 1079; x_wconf 84' lang='lat' dir='ltr'>universum,</span> <span class='ocrx_word' id='word_1_34' title='bbox 2042 1017 2200 1077; x_wconf 85' lang='lat' dir='ltr'>quae</span> <span class='ocrx_word' id='word_1_35' title='bbox 2240 1003 2343 1061; x_wconf 86' lang='lat' dir='ltr'>in-</span> 
     </span>
     <span class='ocr_line' id='line_1_6' title="bbox 218 1094 2348 1179; baseline 0.001 -17"><span class='ocrx_word' id='word_1_36' title='bbox 218 1105 393 1162; x_wconf 82' lang='lat' dir='ltr'>tuitio</span> <span class='ocrx_word' id='word_1_37' title='bbox 429 1119 736 1177; x_wconf 87' lang='lat' dir='ltr'>nunquam</span> <span class='ocrx_word' id='word_1_38' title='bbox 786 1119 894 1161; x_wconf 90' lang='lat' dir='ltr'>nos</span> <span class='ocrx_word' id='word_1_39' title='bbox 933 1103 1188 1179; x_wconf 86' lang='lat' dir='ltr'>deserit,</span> <span class='ocrx_word' id='word_1_40' title='bbox 1231 1109 1292 1161; x_wconf 88' lang='lat' dir='ltr'>et</span> <span class='ocrx_word' id='word_1_41' title='bbox 1329 1105 1539 1162; x_wconf 90' lang='lat' dir='ltr'>eadem</span> <span class='ocrx_word' id='word_1_42' title='bbox 1567 1106 1898 1179; x_wconf 81' lang='lat' dir='ltr'>pertinacia</span> <span class='ocrx_word' id='word_1_43' title='bbox 1924 1108 2205 1163; x_wconf 87' lang='lat' dir='ltr'>immanet</span> <span class='ocrx_word' id='word_1_44' title='bbox 2231 1094 2348 1164; x_wconf 62' lang='lat' dir='ltr'>nol-</span> 
     </span>
     <span class='ocr_line' id='line_1_7' title="bbox 212 1198 2004 1281; baseline -0.003 -13"><span class='ocrx_word' id='word_1_45' title='bbox 212 1216 335 1269; x_wconf 79' lang='lat' dir='ltr'>stro</span> <span class='ocrx_word' id='word_1_46' title='bbox 364 1209 728 1281; x_wconf 74' lang='lat' dir='ltr'>intellectui,</span> <span class='ocrx_word' id='word_1_47' title='bbox 771 1225 843 1265; x_wconf 87' lang='lat' dir='ltr'>ac</span> <span class='ocrx_word' id='word_1_48' title='bbox 882 1208 1056 1265; x_wconf 85' lang='lat' dir='ltr'>ideae</span> <span class='ocrx_word' id='word_1_49' title='bbox 1091 1209 1353 1269; x_wconf 85' lang='lat' dir='ltr'>innatae.</span> <span class='ocrx_word' id='word_1_50' title='bbox 2001 1198 2004 1199; x_wconf 41' lang='lat'><em>⁷</em></span> 
     </span>
    </p>

    <p class='ocr_par' dir='ltr' id='par_1_3' title="bbox 217 1310 2347 1614">
     <span class='ocr_line' id='line_1_8' title="bbox 332 1310 2347 1408; baseline 0.002 -19"><span class='ocrx_word' id='word_1_51' title='bbox 332 1330 396 1403; x_wconf 67' lang='lat'>§-</span> <span class='ocrx_word' id='word_1_52' title='bbox 444 1327 600 1391; x_wconf 89' lang='grc'><strong>155.</strong></span> <span class='ocrx_word' id='word_1_53' title='bbox 687 1334 951 1402; x_wconf 81' lang='lat' dir='ltr'>Tempus</span> <span class='ocrx_word' id='word_1_54' title='bbox 993 1331 1345 1389; x_wconf 88' lang='lat' dir='ltr'>historicum</span> <span class='ocrx_word' id='word_1_55' title='bbox 1387 1332 1581 1406; x_wconf 83' lang='lat' dir='ltr'>igitur</span> <span class='ocrx_word' id='word_1_56' title='bbox 1613 1338 1681 1391; x_wconf 92' lang='lat' dir='ltr'>ut</span> <span class='ocrx_word' id='word_1_57' title='bbox 1719 1310 1953 1392; x_wconf 86' lang='lat' dir='ltr'>intuitio</span> <span class='ocrx_word' id='word_1_58' title='bbox 1984 1334 2197 1408; x_wconf 85' lang='lat' dir='ltr'>partim</span> <span class='ocrx_word' id='word_1_59' title='bbox 2244 1335 2347 1393; x_wconf 89' lang='lat' dir='ltr'>in·-</span> 
     </span>
     <span class='ocr_line' id='line_1_9' title="bbox 217 1429 2343 1511; baseline 0.002 -18"><span class='ocrx_word' id='word_1_60' title='bbox 217 1441 390 1509; x_wconf 86' lang='lat' dir='ltr'>nata,</span> <span class='ocrx_word' id='word_1_61' title='bbox 418 1430 665 1507; x_wconf 36' lang='lat' dir='ltr'>*partim</span> <span class='ocrx_word' id='word_1_62' title='bbox 706 1431 1092 1492; x_wconf 79' lang='lat' dir='ltr'>immutabffls</span> <span class='ocrx_word' id='word_1_63' title='bbox 1136 1429 1313 1508; x_wconf 85' lang='lat' dir='ltr'>quasi</span> <span class='ocrx_word' id='word_1_64' title='bbox 1358 1436 1593 1511; x_wconf 85' lang='lat' dir='ltr'>innata,</span> <span class='ocrx_word' id='word_1_65' title='bbox 1634 1453 1752 1495; x_wconf 91' lang='lat' dir='ltr'>non</span> <span class='ocrx_word' id='word_1_66' title='bbox 1805 1439 2058 1497; x_wconf 87' lang='lat' dir='ltr'>discitur</span> <span class='ocrx_word' id='word_1_67' title='bbox 2096 1440 2343 1505; x_wconf 77' lang='lat' dir='ltr'>aliunde</span> 
     </span>
     <span class='ocr_line' id='line_1_10' title="bbox 218 1537 1792 1614; baseline 0.003 -16"><span class='ocrx_word' id='word_1_68' title='bbox 218 1557 328 1599; x_wconf 82' lang='lat' dir='ltr'>seu</span> <span class='ocrx_word' id='word_1_69' title='bbox 371 1559 408 1599; x_wconf 83' lang='lat' dir='ltr'>a</span> <span class='ocrx_word' id='word_1_70' title='bbox 449 1541 795 1614; x_wconf 80' lang='lat' dir='ltr'>posteriori,</span> <span class='ocrx_word' id='word_1_71' title='bbox 836 1541 947 1598; x_wconf 89' lang='lat' dir='ltr'>sed</span> <span class='ocrx_word' id='word_1_72' title='bbox 994 1544 1089 1599; x_wconf 88' lang='lat' dir='ltr'>est</span> <span class='ocrx_word' id='word_1_73' title='bbox 1128 1537 1393 1601; x_wconf 75' lang='lat' dir='ltr'>intuitio</span> <span class='ocrx_word' id='word_1_74' title='bbox 1437 1540 1792 1614; x_wconf 75' lang='lat' dir='ltr'>apriorioa.</span> 
     </span>
    </p>
   </div>
   <div class='ocr_carea' id='block_1_3' title="bbox 223 1646 2353 2272">
    <p class='ocr_par' dir='ltr' id='par_1_4' title="bbox 224 1646 2349 1960">
     <span class='ocr_line' id='line_1_11' title="bbox 335 1646 2349 1744; baseline 0.003 -26"><span class='ocrx_word' id='word_1_75' title='bbox 335 1663 407 1735; x_wconf 71' lang='grc' dir='ltr'>ς.</span> <span class='ocrx_word' id='word_1_76' title='bbox 434 1662 603 1720; x_wconf 83' lang='grc'><strong>156.</strong></span> <span class='ocrx_word' id='word_1_77' title='bbox 632 1646 817 1720; x_wconf 34' lang='lat' dir='ltr'>&#39;Haec</span> <span class='ocrx_word' id='word_1_78' title='bbox 850 1668 941 1720; x_wconf 87' lang='lat' dir='ltr'>est</span> <span class='ocrx_word' id='word_1_79' title='bbox 968 1663 1239 1720; x_wconf 88' lang='lat' dir='ltr'>secunda</span> <span class='ocrx_word' id='word_1_80' title='bbox 1265 1679 1405 1736; x_wconf 86' lang='lat' dir='ltr'>pars</span> <span class='ocrx_word' id='word_1_81' title='bbox 1432 1665 1770 1722; x_wconf 86' lang='lat' dir='ltr'>Kantianae</span> <span class='ocrx_word' id='word_1_82' title='bbox 1796 1666 2349 1744; x_wconf 75' lang='lat' dir='ltr'>definitionis‚tem-</span> 
     </span>
     <span class='ocr_line' id='line_1_12' title="bbox 224 1728 2346 1855; baseline 0.004 -28"><span class='ocrx_word' id='word_1_83' title='bbox 224 1728 335 1845; x_wconf 52' lang='grc' dir='ltr'>ᾖε</span> <span class='ocrx_word' id='word_1_84' title='bbox 367 1769 721 1827; x_wconf 83' lang='lat' dir='ltr'>historicum</span> <span class='ocrx_word' id='word_1_85' title='bbox 760 1770 895 1827; x_wconf 88' lang='lat' dir='ltr'>sive</span> <span class='ocrx_word' id='word_1_86' title='bbox 936 1771 1219 1855; x_wconf 82' lang='lat' dir='ltr'>temporis</span> <span class='ocrx_word' id='word_1_87' title='bbox 1258 1772 1478 1828; x_wconf 88' lang='lat' dir='ltr'>seriem</span> <span class='ocrx_word' id='word_1_88' title='bbox 1509 1787 1644 1829; x_wconf 90' lang='lat' dir='ltr'>esse</span> <span class='ocrx_word' id='word_1_89' title='bbox 1671 1769 2083 1833; x_wconf 72' lang='lat' dir='ltr'>intuitionem</span> <span class='ocrx_word' id='word_1_90' title='bbox 2118 1772 2346 1849; x_wconf 75' lang='lat' dir='ltr'>aprio-</span> 
     </span>
     <span class='ocr_line' id='line_1_13' title="bbox 224 1871 1259 1960; baseline -0.001 -26"><span class='ocrx_word' id='word_1_91' title='bbox 224 1871 437 1934; x_wconf 81' lang='lat' dir='ltr'>rz&#39;cam</span> <span class='ocrx_word' id='word_1_92' title='bbox 460 1918 477 1951; x_wconf 85' lang='lat'>‚</span> <span class='ocrx_word' id='word_1_93' title='bbox 516 1891 716 1960; x_wconf 85' lang='lat' dir='ltr'>neque</span> <span class='ocrx_word' id='word_1_94' title='bbox 757 1876 1259 1949; x_wconf 88' lang='lat' dir='ltr'>aposterioricam.</span> 
     </span>
    </p>

    <p class='ocr_par' dir='ltr' id='par_1_5' title="bbox 223 1981 2353 2272">
     <span class='ocr_line' id='line_1_14' title="bbox 343 1981 2352 2058; baseline 0.001 -19"><span class='ocrx_word' id='word_1_95' title='bbox 343 1982 522 2053; x_wconf 78' lang='lat' dir='ltr'>Quod</span> <span class='ocrx_word' id='word_1_96' title='bbox 564 1998 674 2041; x_wconf 88' lang='lat' dir='ltr'>nos</span> <span class='ocrx_word' id='word_1_97' title='bbox 714 1983 813 2041; x_wconf 87' lang='lat' dir='ltr'>hic</span> <span class='ocrx_word' id='word_1_98' title='bbox 855 1983 1139 2040; x_wconf 80' lang='lat' dir='ltr'>derivare</span> <span class='ocrx_word' id='word_1_99' title='bbox 1179 1982 1479 2056; x_wconf 86' lang='lat' dir='ltr'>potuimus</span> <span class='ocrx_word' id='word_1_100' title='bbox 1518 1998 1555 2039; x_wconf 90' lang='lat' dir='ltr'>a</span> <span class='ocrx_word' id='word_1_101' title='bbox 1585 1981 1768 2055; x_wconf 83' lang='lat' dir='ltr'>priori</span> <span class='ocrx_word' id='word_1_102' title='bbox 1809 1997 1846 2040; x_wconf 91' lang='lat' dir='ltr'>e</span> <span class='ocrx_word' id='word_1_103' title='bbox 1884 1982 2122 2057; x_wconf 86' lang='lat' dir='ltr'>notione</span> <span class='ocrx_word' id='word_1_104' title='bbox 2161 1983 2352 2058; x_wconf 80' lang='lat' dir='ltr'>ipsius</span> 
     </span>
     <span class='ocr_line' id='line_1_15' title="bbox 223 2085 2353 2160; baseline 0 -15"><span class='ocrx_word' id='word_1_105' title='bbox 223 2088 504 2160; x_wconf 86' lang='lat' dir='ltr'>temporis</span> <span class='ocrx_word' id='word_1_106' title='bbox 544 2086 729 2145; x_wconf 83' lang='lat' dir='ltr'>realis</span> <span class='ocrx_word' id='word_1_107' title='bbox 771 2091 832 2147; x_wconf 90' lang='lat' dir='ltr'>et</span> <span class='ocrx_word' id='word_1_108' title='bbox 871 2087 1046 2160; x_wconf 90' lang='lat' dir='ltr'>vivi,</span> <span class='ocrx_word' id='word_1_109' title='bbox 1088 2089 1252 2145; x_wconf 89' lang='lat' dir='ltr'>Kant</span> <span class='ocrx_word' id='word_1_110' title='bbox 1286 2087 1349 2143; x_wconf 90' lang='lat' dir='ltr'>in</span> <span class='ocrx_word' id='word_1_111' title='bbox 1390 2087 1601 2159; x_wconf 84' lang='lat' dir='ltr'>critica</span> <span class='ocrx_word' id='word_1_112' title='bbox 1640 2085 1887 2144; x_wconf 88' lang='lat' dir='ltr'>rationis</span> <span class='ocrx_word' id='word_1_113' title='bbox 1927 2102 2119 2159; x_wconf 87' lang='lat' dir='ltr'>purae</span> <span class='ocrx_word' id='word_1_114' title='bbox 2160 2103 2198 2143; x_wconf 90' lang='lat' dir='ltr'>a</span> <span class='ocrx_word' id='word_1_115' title='bbox 2236 2102 2353 2160; x_wconf 87' lang='lat' dir='ltr'>po·-</span> 
     </span>
     <span class='ocr_line' id='line_1_16' title="bbox 224 2185 2349 2272; baseline 0 -20"><span class='ocrx_word' id='word_1_116' title='bbox 224 2195 463 2253; x_wconf 88' lang='lat' dir='ltr'>steriori</span> <span class='ocrx_word' id='word_1_117' title='bbox 506 2194 814 2252; x_wconf 85' lang='lat' dir='ltr'>derivavit</span> <span class='ocrx_word' id='word_1_118' title='bbox 854 2209 932 2251; x_wconf 88' lang='lat' dir='ltr'>ex</span> <span class='ocrx_word' id='word_1_119' title='bbox 970 2195 1045 2252; x_wconf 89' lang='lat' dir='ltr'>iis</span> <span class='ocrx_word' id='word_1_120' title='bbox 1087 2194 1278 2272; x_wconf 85' lang='lat' dir='ltr'>notis,</span> <span class='ocrx_word' id='word_1_121' title='bbox 1320 2208 1480 2267; x_wconf 84' lang='lat' dir='ltr'>quae</span> <span class='ocrx_word' id='word_1_122' title='bbox 1510 2185 1913 2251; x_wconf 83' lang='lat' dir='ltr'>inveniuntur</span> <span class='ocrx_word' id='word_1_123' title='bbox 1939 2193 2006 2253; x_wconf 85' lang='lat' dir='ltr'>in</span> <span class='ocrx_word' id='word_1_124' title='bbox 2029 2192 2349 2255; x_wconf 75' lang='lat' dir='ltr'>intuitione</span> 
     </span>
    </p>
   </div>
   <div class='ocr_carea' id='block_1_4' title="bbox 222 2300 2353 2473">
    <p class='ocr_par' dir='ltr' id='par_1_6' title="bbox 222 2300 2353 2473">
     <span class='ocr_line' id='line_1_17' title="bbox 222 2300 1043 2372; baseline -0.001 -14"><span class='ocrx_word' id='word_1_125' title='bbox 222 2300 407 2359; x_wconf 79' lang='lat' dir='ltr'>seriei</span> <span class='ocrx_word' id='word_1_126' title='bbox 448 2301 746 2372; x_wconf 85' lang='lat' dir='ltr'>temporis.</span> <span class='ocrx_word' id='word_1_127' title='bbox 872 2352 875 2357; x_wconf 83' lang='grc'><strong>.</strong></span> <span class='ocrx_word' id='word_1_128' title='bbox 1038 2354 1043 2357; x_wconf 82' lang='grc'><em>,</em></span> 
     </span>
     <span class='ocr_line' id='line_1_18' title="bbox 386 2399 2353 2473; baseline 0.001 -15"><span class='ocrx_word' id='word_1_129' title='bbox 386 2406 564 2458; x_wconf 79' lang='lat' dir='ltr'>Kants</span> <span class='ocrx_word' id='word_1_130' title='bbox 602 2404 796 2458; x_wconf 82' lang='lat' dir='ltr'>Kritik</span> <span class='ocrx_word' id='word_1_131' title='bbox 835 2404 935 2457; x_wconf 85' lang='lat' dir='ltr'>der</span> <span class='ocrx_word' id='word_1_132' title='bbox 972 2424 1021 2457; x_wconf 78' lang='lat' dir='ltr'>v.</span> <span class='ocrx_word' id='word_1_133' title='bbox 1053 2403 1124 2462; x_wconf 86' lang='lat' dir='ltr'>V.</span> <span class='ocrx_word' id='word_1_134' title='bbox 1162 2404 1416 2459; x_wconf 72' lang='lat' dir='ltr'>Traxisse.</span> <span class='ocrx_word' id='word_1_135' title='bbox 1454 2401 1651 2459; x_wconf 78' lang='lat' dir='ltr'>Aesth.</span> <span class='ocrx_word' id='word_1_136' title='bbox 1687 2403 1755 2457; x_wconf 76' lang='lat'>21·</span> <span class='ocrx_word' id='word_1_137' title='bbox 1784 2402 1998 2467; x_wconf 70' lang='lat' dir='ltr'>Abte-h.</span> <span class='ocrx_word' id='word_1_138' title='bbox 2034 2402 2084 2473; x_wconf 71' lang='grc' dir='ltr'>ς.</span> <span class='ocrx_word' id='word_1_139' title='bbox 2118 2399 2172 2460; x_wconf 69' lang='grc'>4.</span> <span class='ocrx_word' id='word_1_140' title='bbox 2214 2406 2273 2472; x_wconf 80' lang='lat'>2)</span> <span class='ocrx_word' id='word_1_141' title='bbox 2294 2427 2353 2463; x_wconf 88' lang='lat' dir='ltr'>u.</span> 
     </span>
    </p>
   </div>
   <div class='ocr_carea' id='block_1_5' title="bbox 231 2475 2362 3424">
    <p class='ocr_par' dir='ltr' id='par_1_7' title="bbox 231 2475 2362 3424">
     <span class='ocr_line' id='line_1_19' title="bbox 354 2475 2354 2553; baseline 0.002 -16"><span class='ocrx_word' id='word_1_142' title='bbox 354 2475 361 2481; x_wconf 38' lang='lat'>⁸</span> <span class='ocrx_word' id='word_1_143' title='bbox 392 2484 646 2553; x_wconf 79' lang='lat' dir='ltr'>3).·(3te</span> <span class='ocrx_word' id='word_1_144' title='bbox 684 2483 832 2539; x_wconf 83' lang='lat' dir='ltr'>Aufl.</span> <span class='ocrx_word' id='word_1_145' title='bbox 866 2482 923 2538; x_wconf 93' lang='lat' dir='ltr'>S.</span> <span class='ocrx_word' id='word_1_146' title='bbox 954 2481 1029 2538; x_wconf 75' lang='lat'>[16</span> <span class='ocrx_word' id='word_1_147' title='bbox 1066 2505 1120 2542; x_wconf 89' lang='lat' dir='ltr'>u.</span> <span class='ocrx_word' id='word_1_148' title='bbox 1150 2484 1267 2552; x_wconf 76' lang='lat'>47).</span> <span class='ocrx_word' id='word_1_149' title='bbox 1319 2484 1407 2543; x_wconf 77' lang='lat' dir='ltr'>Cf.</span> <span class='ocrx_word' id='word_1_150' title='bbox 1452 2487 1607 2541; x_wconf 79' lang='lat' dir='ltr'>Fries</span> <span class='ocrx_word' id='word_1_151' title='bbox 1646 2483 1839 2541; x_wconf 69' lang='lat' dir='ltr'>Kritik</span> <span class='ocrx_word' id='word_1_152' title='bbox 1870 2486 1925 2539; x_wconf 86' lang='lat' dir='ltr'>d.</span> <span class='ocrx_word' id='word_1_153' title='bbox 1960 2486 2029 2542; x_wconf 82' lang='lat' dir='ltr'>V.</span> <span class='ocrx_word' id='word_1_154' title='bbox 2085 2486 2182 2543; x_wconf 74' lang='lat' dir='ltr'>2te</span> <span class='ocrx_word' id='word_1_155' title='bbox 2204 2485 2354 2545; x_wconf 76' lang='lat' dir='ltr'>Aufl.</span> 
     </span>
     <span class='ocr_line' id='line_1_20' title="bbox 395 2564 960 2634; baseline 0.007 -15"><span class='ocrx_word' id='word_1_156' title='bbox 395 2565 580 2624; x_wconf 74' lang='lat' dir='ltr'>trBd.</span> <span class='ocrx_word' id='word_1_157' title='bbox 610 2564 672 2629; x_wconf 77' lang='lat' dir='ltr'>S,</span> <span class='ocrx_word' id='word_1_158' title='bbox 712 2565 846 2623; x_wconf 79' lang='grc'><strong>173.</strong></span> <span class='ocrx_word' id='word_1_159' title='bbox 887 2566 960 2634; x_wconf 86' lang='grc'>1).</span> 
     </span>
     <span class='ocr_line' id='line_1_21' title="bbox 1232 2698 1352 2760; baseline -0.042 0"><span class='ocrx_word' id='word_1_160' title='bbox 1232 2698 1352 2760; x_wconf 82' lang='lat'>111.</span> 
     </span>
     <span class='ocr_line' id='line_1_22' title="bbox 1114 2809 1484 2878; baseline 0 -1"><span class='ocrx_word' id='word_1_161' title='bbox 1114 2809 1484 2878; x_wconf 69' lang='lat' dir='ltr'>C&#39;onemeio.</span> 
     </span>
     <span class='ocr_line' id='line_1_23' title="bbox 355 2912 2360 3000; baseline 0.001 -20"><span class='ocrx_word' id='word_1_162' title='bbox 355 2919 422 2995; x_wconf 69' lang='lat'>§-</span> <span class='ocrx_word' id='word_1_163' title='bbox 441 2918 611 3000; x_wconf 79' lang='grc'><strong>157.</strong></span> <span class='ocrx_word' id='word_1_164' title='bbox 633 2928 898 2998; x_wconf 67' lang='lat' dir='ltr'>vTempus</span> <span class='ocrx_word' id='word_1_165' title='bbox 926 2926 1279 2984; x_wconf 87' lang='lat' dir='ltr'>historicum</span> <span class='ocrx_word' id='word_1_166' title='bbox 1305 2929 1398 2982; x_wconf 87' lang='lat' dir='ltr'>est</span> <span class='ocrx_word' id='word_1_167' title='bbox 1428 2912 1663 2983; x_wconf 82' lang='lat' dir='ltr'>intuitio</span> <span class='ocrx_word' id='word_1_168' title='bbox 1699 2941 1737 2981; x_wconf 91' lang='lat' dir='ltr'>a</span> <span class='ocrx_word' id='word_1_169' title='bbox 1762 2923 1967 2998; x_wconf 85' lang='lat' dir='ltr'>priori,</span> <span class='ocrx_word' id='word_1_170' title='bbox 2000 2923 2189 2982; x_wconf 88' lang='lat' dir='ltr'>instar</span> <span class='ocrx_word' id='word_1_171' title='bbox 2213 2924 2360 2983; x_wconf 84' lang='lat' dir='ltr'>uni-</span> 
     </span>
     <span class='ocr_line' id='line_1_24' title="bbox 231 3028 2362 3108; baseline 0 -20"><span class='ocrx_word' id='word_1_172' title='bbox 231 3028 462 3089; x_wconf 61' lang='lat' dir='ltr'>versae</span> <span class='ocrx_word' id='word_1_173' title='bbox 492 3035 862 3106; x_wconf 80' lang='lat' dir='ltr'>geometriae</span> <span class='ocrx_word' id='word_1_174' title='bbox 890 3039 950 3092; x_wconf 84' lang='lat' dir='ltr'>et</span> <span class='ocrx_word' id='word_1_175' title='bbox 974 3033 1418 3107; x_wconf 77' lang='lat' dir='ltr'>arithmeticae,</span> <span class='ocrx_word' id='word_1_176' title='bbox 1450 3031 1491 3091; x_wconf 84' lang='lat' dir='ltr'>i.</span> <span class='ocrx_word' id='word_1_177' title='bbox 1525 3047 1577 3094; x_wconf 84' lang='lat' dir='ltr'>e.</span> <span class='ocrx_word' id='word_1_178' title='bbox 1615 3032 1808 3108; x_wconf 88' lang='lat' dir='ltr'>notio,</span> <span class='ocrx_word' id='word_1_179' title='bbox 1836 3028 2007 3106; x_wconf 84' lang='lat' dir='ltr'>quae</span> <span class='ocrx_word' id='word_1_180' title='bbox 2027 3031 2362 3105; x_wconf 86' lang='lat' dir='ltr'>concipitur</span> 
     </span>
     <span class='ocr_line' id='line_1_25' title="bbox 357 3131 2361 3218; baseline 0.002 -23"><span class='ocrx_word' id='word_1_181' title='bbox 357 3131 436 3212; x_wconf 83' lang='lat'>1)</span> <span class='ocrx_word' id='word_1_182' title='bbox 479 3142 767 3214; x_wconf 82' lang='lat' dir='ltr'>tanquam</span> <span class='ocrx_word' id='word_1_183' title='bbox 820 3139 1057 3199; x_wconf 87' lang='lat' dir='ltr'>intuitio</span> <span class='ocrx_word' id='word_1_184' title='bbox 1114 3138 1543 3215; x_wconf 84' lang='lat' dir='ltr'>individualis,</span> <span class='ocrx_word' id='word_1_185' title='bbox 1594 3154 1795 3218; x_wconf 87' lang='lat' dir='ltr'>neque</span> <span class='ocrx_word' id='word_1_186' title='bbox 1844 3138 2168 3199; x_wconf 79' lang='lat' dir='ltr'>abstractio</span> <span class='ocrx_word' id='word_1_187' title='bbox 2214 3138 2361 3199; x_wconf 86' lang='lat' dir='ltr'>uni-</span> 
     </span>
     <span class='ocr_line' id='line_1_26' title="bbox 233 3243 1459 3317; baseline 0.001 -18"><span class='ocrx_word' id='word_1_188' title='bbox 233 3243 532 3317; x_wconf 48' lang='lat' dir='ltr'>versalis,</span> <span class='ocrx_word' id='word_1_189' title='bbox 1458 3313 1459 3316; x_wconf 8' lang='grc' dir='ltr'><strong>Ἴ</strong></span> 
     </span>
     <span class='ocr_line' id='line_1_27' title="bbox 358 3345 1843 3424; baseline 0.001 -17"><span class='ocrx_word' id='word_1_190' title='bbox 358 3345 442 3419; x_wconf 81' lang='lat'>2)</span> <span class='ocrx_word' id='word_1_191' title='bbox 484 3352 768 3422; x_wconf 83' lang='lat' dir='ltr'>tanquam</span> <span class='ocrx_word' id='word_1_192' title='bbox 811 3348 1107 3421; x_wconf 85' lang='lat' dir='ltr'>apriorica</span> <span class='ocrx_word' id='word_1_193' title='bbox 1147 3362 1348 3424; x_wconf 82' lang='lat' dir='ltr'>neque</span> <span class='ocrx_word' id='word_1_194' title='bbox 1380 3349 1843 3423; x_wconf 84' lang='lat' dir='ltr'>aposteriorica.</span> 
     </span>
    </p>
   </div>
   <div class='ocr_carea' id='block_1_6' title="bbox 244 3507 2366 3941">
    <p class='ocr_par' dir='ltr' id='par_1_8' title="bbox 244 3507 2366 3941">
     <span class='ocr_line' id='line_1_28' title="bbox 1249 3507 1361 3568; baseline -0.063 0"><span class='ocrx_word' id='word_1_195' title='bbox 1249 3507 1361 3568; x_wconf 90' lang='lat' dir='ltr'>lv.</span> 
     </span>
     <span class='ocr_line' id='line_1_29' title="bbox 278 3617 2321 3704; baseline 0.001 -17"><span class='ocrx_word' id='word_1_196' title='bbox 278 3617 384 3687; x_wconf 78' lang='lat' dir='ltr'>De</span> <span class='ocrx_word' id='word_1_197' title='bbox 422 3625 753 3688; x_wconf 70' lang='lat' dir='ltr'>erroribus</span> <span class='ocrx_word' id='word_1_198' title='bbox 800 3624 1182 3704; x_wconf 72' lang='lat' dir='ltr'>quibusdam</span> <span class='ocrx_word' id='word_1_199' title='bbox 1219 3624 1297 3687; x_wconf 75' lang='lat' dir='ltr'>in</span> <span class='ocrx_word' id='word_1_200' title='bbox 1318 3623 1681 3700; x_wconf 69' lang='lat' dir='ltr'>definienda</span> <span class='ocrx_word' id='word_1_201' title='bbox 1710 3623 2020 3700; x_wconf 67' lang='lat' dir='ltr'>emporis</span> <span class='ocrx_word' id='word_1_202' title='bbox 2041 3617 2321 3689; x_wconf 69' lang='lat' dir='ltr'>notione.</span> 
     </span>
     <span class='ocr_line' id='line_1_30' title="bbox 355 3719 2366 3836; baseline -0.003 -12"><span class='ocrx_word' id='word_1_203' title='bbox 355 3761 428 3834; x_wconf 68' lang='lat' dir='ltr'>S.</span> <span class='ocrx_word' id='word_1_204' title='bbox 461 3756 615 3820; x_wconf 85' lang='grc'><strong>158.</strong></span> <span class='ocrx_word' id='word_1_205' title='bbox 656 3765 917 3835; x_wconf 81' lang='lat' dir='ltr'>Tempus</span> <span class='ocrx_word' id='word_1_206' title='bbox 949 3763 1164 3821; x_wconf 85' lang='lat' dir='ltr'>vivum</span> <span class='ocrx_word' id='word_1_207' title='bbox 1199 3778 1312 3819; x_wconf 85' lang='lat' dir='ltr'>seu</span> <span class='ocrx_word' id='word_1_208' title='bbox 1346 3768 1580 3836; x_wconf 86' lang='lat' dir='ltr'>tempus</span> <span class='ocrx_word' id='word_1_209' title='bbox 1621 3762 1816 3835; x_wconf 87' lang='lat' dir='ltr'>ipsum</span> <span class='ocrx_word' id='word_1_210' title='bbox 1849 3777 1967 3820; x_wconf 90' lang='lat' dir='ltr'>non</span> <span class='ocrx_word' id='word_1_211' title='bbox 2005 3766 2097 3820; x_wconf 87' lang='lat' dir='ltr'>est</span> <span class='ocrx_word' id='word_1_212' title='bbox 2130 3719 2366 3821; x_wconf 78' lang='lat' dir='ltr'>intuitio</span> 
     </span>
     <span class='ocr_line' id='line_1_31' title="bbox 244 3855 2323 3941; baseline 0.001 -20"><span class='ocrx_word' id='word_1_213' title='bbox 244 3866 580 3940; x_wconf 74' lang='lat' dir='ltr'>apriorica3</span> <span class='ocrx_word' id='word_1_214' title='bbox 622 3873 858 3941; x_wconf 86' lang='lat' dir='ltr'>tempus</span> <span class='ocrx_word' id='word_1_215' title='bbox 904 3867 1254 3925; x_wconf 86' lang='lat' dir='ltr'>historicum</span> <span class='ocrx_word' id='word_1_216' title='bbox 1296 3855 1390 3923; x_wconf 75' lang='lat' dir='ltr'>est</span> <span class='ocrx_word' id='word_1_217' title='bbox 1429 3866 1665 3924; x_wconf 80' lang='lat' dir='ltr'>intuitio</span> <span class='ocrx_word' id='word_1_218' title='bbox 1708 3866 2018 3939; x_wconf 78' lang='lat' dir='ltr'>apriorica.</span> <span class='ocrx_word' id='word_1_219' title='bbox 2057 3862 2122 3940; x_wconf 66' lang='grc'>9.</span> <span class='ocrx_word' id='word_1_220' title='bbox 2167 3860 2323 3926; x_wconf 83' lang='grc'><strong>145.</strong></span> 
     </span>
    </p>
   </div>
   <div class='ocr_carea' id='block_1_7' title="bbox 244 3969 2366 4169">
    <p class='ocr_par' dir='ltr' id='par_1_9' title="bbox 244 3969 2366 4169">
     <span class='ocr_line' id='line_1_32' title="bbox 365 3969 2366 4070; baseline -0.001 -26"><span class='ocrx_word' id='word_1_221' title='bbox 365 3983 430 4057; x_wconf 68' lang='lat' dir='ltr'>S.</span> <span class='ocrx_word' id='word_1_222' title='bbox 466 3982 619 4046; x_wconf 85' lang='grc'><strong>159.</strong></span> <span class='ocrx_word' id='word_1_223' title='bbox 664 3991 925 4060; x_wconf 81' lang='lat' dir='ltr'>Tempus</span> <span class='ocrx_word' id='word_1_224' title='bbox 970 3988 1185 4070; x_wconf 85' lang='lat' dir='ltr'>vivum</span> <span class='ocrx_word' id='word_1_225' title='bbox 1229 4002 1343 4046; x_wconf 86' lang='lat' dir='ltr'>seu</span> <span class='ocrx_word' id='word_1_226' title='bbox 1381 3992 1618 4060; x_wconf 74' lang='lat' dir='ltr'>tenpus</span> <span class='ocrx_word' id='word_1_227' title='bbox 1656 3969 1850 4060; x_wconf 77' lang='lat' dir='ltr'>ipsum</span> <span class='ocrx_word' id='word_1_228' title='bbox 1892 3991 1987 4047; x_wconf 82' lang='lat' dir='ltr'>est</span> <span class='ocrx_word' id='word_1_229' title='bbox 2022 4000 2131 4044; x_wconf 72' lang='lat' dir='ltr'>eus</span> <span class='ocrx_word' id='word_1_230' title='bbox 2166 3984 2366 4059; x_wconf 80' lang='lat' dir='ltr'>reale,</span> 
     </span>
     <span class='ocr_line' id='line_1_33' title="bbox 244 4087 2088 4169; baseline 0 -21"><span class='ocrx_word' id='word_1_231' title='bbox 244 4097 481 4165; x_wconf 88' lang='lat' dir='ltr'>tempus</span> <span class='ocrx_word' id='word_1_232' title='bbox 516 4094 867 4153; x_wconf 82' lang='lat' dir='ltr'>historicum</span> <span class='ocrx_word' id='word_1_233' title='bbox 912 4098 1005 4153; x_wconf 85' lang='lat' dir='ltr'>est</span> <span class='ocrx_word' id='word_1_234' title='bbox 1032 4110 1141 4160; x_wconf 82' lang='lat' dir='ltr'>ens</span> <span class='ocrx_word' id='word_1_235' title='bbox 1175 4094 1618 4169; x_wconf 60' lang='lat' dir='ltr'>imaginarium„</span> <span class='ocrx_word' id='word_1_236' title='bbox 1656 4090 1721 4166; x_wconf 70' lang='grc'>9.</span> <span class='ocrx_word' id='word_1_237' title='bbox 1750 4089 1904 4153; x_wconf 80' lang='grc'><strong>146.</strong></span> <span class='ocrx_word' id='word_1_238' title='bbox 1930 4087 2088 4152; x_wconf 77' lang='grc'><strong>147.</strong></span> 
     </span>
    </p>
   </div>
   <div class='ocr_carea' id='block_1_8' title="bbox 245 4212 2371 4397">
    <p class='ocr_par' dir='ltr' id='par_1_10' title="bbox 245 4212 2371 4397">
     <span class='ocr_line' id='line_1_34' title="bbox 367 4212 2371 4293; baseline -0.001 -18"><span class='ocrx_word' id='word_1_239' title='bbox 367 4213 432 4289; x_wconf 72' lang='lat'>§-</span> <span class='ocrx_word' id='word_1_240' title='bbox 463 4212 614 4276; x_wconf 81' lang='grc'><strong>160.</strong></span> <span class='ocrx_word' id='word_1_241' title='bbox 653 4222 728 4279; x_wconf 91' lang='lat' dir='ltr'>In</span> <span class='ocrx_word' id='word_1_242' title='bbox 769 4220 1158 4293; x_wconf 84' lang='lat' dir='ltr'>perceptione</span> <span class='ocrx_word' id='word_1_243' title='bbox 1196 4220 1480 4292; x_wconf 74' lang='lat' dir='ltr'>temporis</span> <span class='ocrx_word' id='word_1_244' title='bbox 1520 4217 1713 4291; x_wconf 81' lang='lat' dir='ltr'>ipsius</span> <span class='ocrx_word' id='word_1_245' title='bbox 1752 4222 1986 4289; x_wconf 83' lang='lat' dir='ltr'>tempus</span> <span class='ocrx_word' id='word_1_246' title='bbox 2015 4217 2264 4287; x_wconf 84' lang='lat' dir='ltr'>apparet</span> <span class='ocrx_word' id='word_1_247' title='bbox 2298 4218 2371 4273; x_wconf 85' lang='lat' dir='ltr'>ut</span> 
     </span>
     <span class='ocr_line' id='line_1_35' title="bbox 245 4313 2367 4397; baseline 0.001 -18"><span class='ocrx_word' id='word_1_248' title='bbox 245 4322 571 4380; x_wconf 76' lang='lat' dir='ltr'>existentia</span> <span class='ocrx_word' id='word_1_249' title='bbox 610 4323 742 4397; x_wconf 88' lang='lat' dir='ltr'>ipsa</span> <span class='ocrx_word' id='word_1_250' title='bbox 787 4321 1120 4381; x_wconf 85' lang='lat' dir='ltr'>combinata</span> <span class='ocrx_word' id='word_1_251' title='bbox 1176 4338 1311 4380; x_wconf 90' lang='lat' dir='ltr'>cum</span> <span class='ocrx_word' id='word_1_252' title='bbox 1364 4323 1647 4396; x_wconf 70' lang='lat' dir='ltr'>memoria</span> <span class='ocrx_word' id='word_1_253' title='bbox 1708 4327 1770 4380; x_wconf 90' lang='lat' dir='ltr'>et</span> <span class='ocrx_word' id='word_1_254' title='bbox 1815 4313 2367 4396; x_wconf 83' lang='lat' dir='ltr'>praemeditatione.</span> 
     </span>
    </p>
   </div>
   <div class='ocr_carea' id='block_1_9' title="bbox 246 4423 498 4498">
    <p class='ocr_par' dir='ltr' id='par_1_11' title="bbox 246 4423 498 4498">
     <span class='ocr_line' id='line_1_36' title="bbox 246 4423 498 4498; baseline 0.004 -15"><span class='ocrx_word' id='word_1_255' title='bbox 246 4426 313 4498; x_wconf 68' lang='lat' dir='ltr'>s.</span> <span class='ocrx_word' id='word_1_256' title='bbox 344 4423 498 4487; x_wconf 82' lang='lat'><strong>138.</strong></span> 
     </span>
    </p>
   </div>
  </div>
 </body>
</html>
