2950 5147
1099 245 1719 326 —21—

183 447 427 513 actueIIe
465 447 778 513 (strenam
822 446 949 528 gebi
997 461 1127 511 nun
1168 443 1236 511 in
1282 446 1584 527 fulgenter
1612 445 1802 527 asem
1846 459 1954 513 not
1998 448 2121 527 fid).
2195 447 2331 514 §Det
2373 463 2491 516 non
2533 451 2631 516 bet

181 563 407 634 species
437 560 826 634 intelligibilis
857 555 1197 636 intermitte
1223 556 1511 638 SnthIect
1550 555 1773 639 Bringt,
1816 555 1905 623 bei
1934 559 2060 623 bem
2088 557 2633 640 &ingemenbetfein

180 669 285 732 bez
316 671 500 728 intell.
531 687 711 744 agens
741 684 815 749 gu
857 667 967 731 ben
1000 664 1257 732 ffiitbetn
1292 666 1390 732 bct
1423 665 2009 749 (Sinbssbungssfraft,
2056 666 2177 734 eine
2217 668 2378 749 iener
2407 675 2632 747 species

177 2331 464 2400 corporali;
513 2331 656 2387 sicut
689 2332 755 2386 de
789 2333 997 2387 ratione
1043 2335 1269 2388 naturae
1312 2333 1511 2402 lapidis
1555 2337 1641 2388 est
1682 2335 1825 2404 quod
1872 2333 1947 2388 sit
1992 2334 2048 2387 in
2082 2334 2185 2388 hoc
2227 2333 2421 2402 lapide,
2470 2337 2527 2388 et
2558 2333 2625 2387 de

176 2416 384 2472 ratione
432 2419 660 2472 naturae
699 2418 824 2486 equi
859 2421 944 2472 est
976 2419 1119 2487 quod
1154 2418 1229 2472 sit
1263 2419 1320 2472 in
1355 2419 1455 2473 hoc
1500 2436 1653 2488 equo,
1700 2422 1758 2473 et
1802 2418 1880 2473 sic
1922 2418 1987 2472 de
2028 2418 2167 2472 aliis·
2235 2418 2389 2474 Unde
2434 2422 2630 2472 natura

176 2502 392 2570 lapidis,
441 2502 528 2556 vel
572 2502 933 2571 cujuscunque
976 2504 1273 2558 materialis
1306 2503 1401 2568 rei,
1447 2503 1699 2572 cognosci
1732 2521 1838 2557 non
1881 2505 2064 2572 potest
2098 2503 2357 2572 complete
2398 2504 2454 2556 et
2488 2518 2626 2566 vere,

177 2586 283 2641 nisi
323 2588 616 2643 secundum
651 2587 794 2659 quod
830 2590 1175 2656 cognoscitur
1206 2593 1272 2644 ut
1303 2590 1360 2644 in
1396 2590 1711 2660 particulari
1752 2589 2003 2645 existens.
2070 2588 2402 2644 Particulare
2447 2590 2627 2642 autem

177 2673 627 2740 apprehendimus
661 2690 756 2743 per
789 2690 1002 2729 sensum
1036 2678 1092 2730 et
1126 2675 1603 2744 imaginationem:
1638 2678 1694 2730 et
1726 2675 1846 2729 ideo
1875 2691 2087 2730 necesse
2121 2676 2205 2727 est
2241 2673 2309 2727 ad
2343 2674 2446 2728 hoc
2480 2673 2623 2741 quod

178 2757 489 2813 intellectus
524 2762 651 2814 actu
674 2759 954 2828 intelligat
979 2776 1133 2813 suum
1156 2760 1428 2829 objectum
1452 2761 1741 2830 proprium,
1778 2759 1920 2827 quod
1947 2761 2226 2814 convertat
2260 2775 2316 2813 se
2353 2758 2421 2812 ad
2458 2758 2626 2827 phan-

93 2862 98 2867 ·
175 2846 428 2909 tasmata‚
463 2848 528 2899 ut
561 2845 865 2914 speculetur
898 2848 1148 2900 naturam
1171 2847 1527 2901 universalem
1549 2846 1607 2900 in
1633 2844 1948 2914 particulari
1975 2846 2311 2899 existentem.
2364 2845 2422 2899 Si
2445 2846 2626 2899 autem

175 2928 451 2996 proprium
485 2930 758 2998 objectum
792 2931 1103 2986 intellectus
1136 2932 1309 2985 nostri
1343 2934 1487 2986 esset
1520 2932 1691 2985 forma
1716 2933 1976 3000 separata,
2014 2930 2097 2985 vel
2132 2929 2179 2983 si
2215 2930 2415 2984 formae
2450 2944 2627 2985 rerum

174 3014 513 3067 sensibilium
547 3016 908 3071 subsisterent
940 3033 1047 3070 non
1081 3017 1139 3070 in
1173 3016 1613 3085 particularibus,
1649 3015 1940 3071 secundum
1973 3015 2295 3079 PlatonicoS,
2330 3031 2437 3068 non
2471 3029 2625 3083 opor-

175 3101 318 3153 teret
352 3099 497 3167 quod
532 3100 842 3155 intellectus
876 3104 1059 3156 noster
1081 3118 1286 3171 semper
1308 3102 1666 3170 intelligendo
1692 3103 2024 3156 converteret
2057 3116 2113 3154 se
2137 3100 2204 3153 ad
2230 3100 2627 3169 phantasmata.

175 3181 319 3236 Ibid.
355 3201 446 3252 qu.
481 3185 560 3250 84,
597 3189 700 3240 art.
737 3187 782 3251 7,
818 3204 954 3256 resp.
975 3226 988 3240 .
1012 3227 1024 3240 .

394 3269 437 3335 ¹)
488 3270 732 3324 Ulterius
766 3273 948 3325 autem
982 3272 1421 3325 considerandum
1468 3275 1552 3326 est
1596 3273 1737 3341 quod
1781 3271 2091 3326 intellectus
2138 3288 2236 3340 per
2273 3270 2500 3341 speciem
2548 3270 2625 3325 rei

177 3353 440 3408 formatus
488 3354 845 3423 intelligendo
892 3356 1088 3410 format
1133 3357 1190 3409 in
1235 3358 1408 3425 seipso
1445 3357 1730 3425 quamdam
1777 3356 2133 3411 intentionem
2182 3356 2258 3410 rei
2300 3356 2622 3421 intellectae,

177 3454 311 3505 quae
347 3440 432 3491 est
467 3439 604 3493 ratio
640 3440 825 3508 ipsiuS,
876 3457 1034 3508 quam
1077 3441 1357 3508 significat
1391 3442 1668 3494 diffinitio.
1737 3442 1811 3495 Et
1844 3441 1946 3496 hoc
1980 3441 2196 3510 quidem
2238 3439 2624 3495 neccessarium

174 3525 273 3586 est,
322 3539 382 3576 eo
419 3522 563 3591 quod
604 3522 912 3577 intellectus
960 3522 1228 3591 intelligit
1274 3523 1643 3578 indifferenter
1692 3542 1802 3578 rem
1844 3524 2121 3579 absentem
2164 3525 2221 3577 ct
2266 3526 2622 3594 praesentem;

174 3606 229 3658 in
268 3622 375 3675 quo
411 3623 527 3659 cum
563 3606 846 3662 intellectu
879 3608 1201 3675 imaginatio
1239 3609 1506 3662 convenit.
1565 3609 1668 3663 Sed
1705 3609 2013 3664 intellectus
2042 3609 2144 3663 hoc
2179 3610 2407 3678 amplius
2440 3607 2623 3671 habet,

175 3691 319 3760 quod
356 3691 522 3745 etiarn
548 3690 817 3759 intelligit
839 3708 950 3745 rem
973 3694 1037 3744 ut
1060 3693 1363 3760 separatam
1386 3710 1419 3746 a
1442 3692 1843 3747 conditionibus
1866 3692 2253 3756 materialibus,
2288 3692 2401 3745 sine
2424 3690 2622 3760 quibus

175 3776 232 3829 in
268 3792 445 3831 rerum
470 3778 666 3830 natura
686 3793 791 3830 non
816 3777 1031 3842 existit;
1067 3780 1124 3831 et
1146 3778 1249 3832 hoc
1283 3793 1389 3831 non
1414 3782 1598 3846 posset
1620 3794 1750 3843 esse,
1786 3779 1891 3831 nisi
1926 3777 2236 3832 intellectus
2264 3776 2621 3831 intentionem

175 3861 283 3915 sibi
317 3860 653 3929 praedictam
686 3861 958 3916 formaret.
1013 3848 1162 3917 Haec
1195 3865 1375 3917 autem
1410 3862 1645 3917 intentio
1680 3862 1975 3925 intellecta,
2010 3878 2177 3930 quum
2213 3860 2290 3915 sit
2324 3860 2479 3929 quasi
2512 3863 2621 3915 ter·

174 3947 351 4000 minus
379 3945 750 4014 intelligibilis
779 3947 1130 4015 operationis,
1166 3950 1249 4001 est
1285 3947 1431 4001 aliud
1467 3965 1499 4001 a
1523 3948 1697 4016 specie
1728 3946 2089 4016 intelligibili,
2125 3962 2261 4014 quae
2294 3946 2428 4000 facit
2462 3945 2622 4000 intel-

171 4031 373 4086 lectum
407 4031 462 4084 in
488 4033 632 4095 actu,
667 4047 827 4099 quam
852 4035 1067 4100 oportet
1092 4032 1416 4088 considerari
1442 4035 1506 4086 ut
1529 4032 1898 4099 intelligibilis
1923 4030 2250 4100 operationis
2283 4029 2621 4099 principium,

172 4116 303 4172 licet
353 4118 645 4184 utrumque
693 4117 770 4171 sit
821 4116 897 4171 rei
951 4116 1260 4172 intellectae
1309 4117 1633 4172 similitudo.
1714 4118 1817 4170 Per
1865 4117 1965 4170 hoc
2018 4115 2175 4179 enim,
2230 4115 2374 4183 quod
2420 4114 2622 4184 species

174 4200 566 4269 intelligibilis,
593 4217 728 4270 quae
753 4205 836 4256 est
860 4203 1031 4256 forma
1053 4202 1362 4257 intellectus
1392 4206 1449 4257 et
1473 4201 1821 4270 intelligendi
1845 4200 2183 4270 principium,
2218 4204 2301 4254 est
2325 4198 2622 4254 similitudo

173 4285 251 4338 rei
298 4285 593 4350 exterioris,
643 4287 888 4354 sequitur
932 4287 1076 4355 quod
1124 4287 1436 4342 intellectus
1485 4286 1842 4340 intentionem
1889 4287 2085 4339 formet
2129 4284 2211 4338 illi
2258 4284 2335 4339 rei
2368 4284 2622 4349 similem;

174 4369 304 4436 quia
326 4369 484 4437 quale
511 4374 597 4425 est
618 4371 1050 4440 unumquodque,
1085 4372 1222 4427 talia
1243 4375 1514 4440 operatur.
1571 4372 1645 4425 Et
1678 4388 1742 4426 ex
1775 4372 1878 4426 hoc
1901 4371 2044 4439 quod
2078 4370 2313 4424 intentio
2343 4368 2624 4423 intellecta

173 4458 259 4508 est
291 4453 486 4508 similis
510 4453 676 4508 alicui
700 4454 794 4519 rei,
828 4455 1073 4523 sequitur
1095 4455 1238 4524 quod
1264 4454 1591 4520 intellectus,
1622 4455 1900 4510 formando
1922 4453 2227 4526 hujusmodi
2247 4453 2621 4519 intentionem,

172 4555 283 4594 rem
306 4539 471 4606 ,illam
503 4538 803 4609 intelligat.
873 4540 1017 4595 Sum.
1057 4557 1102 4595 c.
1139 4542 1290 4610 gent.
1324 4540 1423 4597 lib.
1459 4540 1507 4607 Ι,
1544 4556 1659 4614 cap.
1693 4542 1775 4598 53.
