2950 5147
1129 202 1550 266 -15-

203 381 342 443 bum
389 377 561 452 eiuS,
626 380 695 436 ut
739 372 799 434 ei
837 371 917 432 sit
961 387 1069 450 par
1117 370 1364 430 omnino
1427 377 1490 431 et
1536 371 1790 448 aequale
1856 376 2039 465 atque
2102 370 2457 450 identidem,

207 489 354 568 quia
410 501 612 564 neque
672 469 984 542 inferioris
1055 479 1361 539 essentiae
1417 478 1633 540 notitia
1695 486 1791 540 est
1850 497 2055 559 neque
2100 482 2457 560 superioris.

213 597 293 658 Et
337 612 518 674 quum
563 591 788 655 habeat
826 588 1046 649 notitia
1091 585 1547 648 similitudinem
1605 586 1691 649 ad
1744 604 1875 647 eam
1913 605 2099 664 rem,
2121 604 2301 666 quam
2346 606 2465 649 no-
2584 651 2591 660 ,

209 704 320 781 vit,
365 703 487 763 hoc
532 705 647 778 est,
694 697 868 760 cuius
909 696 1128 756 notitia
1159 701 1274 770 est,
1321 694 1477 756 haec
1522 670 1707 756 habet
1750 695 2089 774 perfectam
2138 702 2200 757 et
2239 714 2466 776 aequa-

212 811 354 888 lem,
400 828 520 895 qua
551 824 721 870 mens
766 807 922 885 ipsa,
965 822 1124 883 quae
1157 804 1347 880 novit,
1393 809 1489 864 est
1529 809 1688 866 nota.
1738 804 1948 882 ltaque
1994 806 2195 886 imago
2223 811 2291 865 et
2322 822 2465 866 ver-

213 920 356 980 bum
402 925 531 994 est,
592 917 739 994 quia
785 913 861 973 de
904 913 1007 973 illa
1052 913 1455 990 exprimitur,
1524 929 1706 990 quum
1770 911 2217 992 cognoscendo
2264 912 2465 973 eidem

215 1010 596 1103 coaequatur
639 1030 701 1085 et
745 1027 842 1083 est
887 1021 1166 1101 gignenti
1214 1021 1507 1099 aequale,
1554 1019 1716 1098 quod
1768 1023 2040 1102 genitum
2073 1021 2223 1082 est.“
2300 1020 2466 1081 Haec

216 1135 553 1216 cogitatio,
597 1131 718 1194 hoc
765 1130 1020 1191 verbum
1063 1146 1311 1208 semper
1357 1130 1549 1190 scitur
1598 1147 1629 1190 a
1677 1131 1877 1204 nohis,
1938 1147 2297 1209 quamquam
2343 1146 2466 1190 non

218 1258 464 1322 semper
520 1241 846 1322 cogitatur.
935 1239 1325 1353 Quapropter
1394 1237 1472 1297 de
1520 1238 1657 1298 trin
1708 1226 2080 1315 15,15,'25
2116 1237 2469 1318 appellatur

217 1348 517 1443 possibile
563 1349 663 1410 vel
699 1346 1036 1422 formabile.
1945 1379 1946 1383 =

309 1540 314 1545 α
435 1457 797 1540 Quomodo
816 1475 969 1518 vero
1039 1455 1194 1516 haec
1257 1454 1352 1514 sui
1421 1454 1610 1532 ipsius
1673 1454 1961 1534 cogitatio
2031 1471 2101 1515 se
2152 1454 2334 1515 habet
2394 1453 2471 1515 ad

221 1569 416 1648 ipsam
463 1569 681 1642 mentis
728 1565 1175 1628 substantiam?
1258 1561 1520 1623 Difficile
1568 1568 1663 1624 est
1704 1561 2085 1643 AugustinO,
2130 1580 2469 1624 secernere

217 1672 402 1754 istam
449 1675 887 1757 cogitationem
938 1675 1012 1735 ab
1060 1674 1278 1748 anima,
1325 1671 1539 1751 „quasi
1586 1670 1748 1732 aliud
1788 1675 1870 1733 sit
1910 1672 2065 1750 ipsa,
2112 1672 2273 1733 aliud
2324 1690 2476 1734 con-

219 1792 508 1865 spectus
534 1785 730 1863 eius“.
816 1784 985 1847 Bene
1045 1783 1122 1843 dc
1181 1782 1296 1841 hac
1341 1798 1412 1841 re
1456 1781 1733 1860 loquitur
1780 1781 2040 1842 Carolus
2088 1781 2163 1841 W
2170 1799 2354 1843 erner
2413 1785 2473 1842 in

231 1896 445 1977 operis
504 1893 581 1954 de
637 1893 862 1954 Thoma
923 1892 1234 1970 Aquinate
1297 1890 1416 1951 v.ol
1463 1891 1511 1966 Ι,
1576 1890 1740 1969 quod
1800 1890 1995 1957 edidit
2056 1891 2475 1952 Ratisbonnae

223 2000 415 2081 1858,
455 2021 511 2084 p.
535 1998 662 2064 834
688 2007 748 2062 et
776 1978 936 2062 835.
987 2000 1276 2077 „Ebenso
1305 1996 1576 2073 verfehlt
1615 2001 1718 2075 ist,
1760 2018 1941 2060 wenn
1981 2001 2084 2060 ein
2116 2001 2478 2078 einseitiqer

219 2113 584 2175 Realismus
629 2112 742 2172 mit
787 2107 1118 2189 Berufmaeq
1178 2107 1301 2184 auf
1347 2109 1663 2186 Auqustin
1726 2127 1845 2169 uns
1887 2110 1990 2169 die
2035 2099 2472 2171 substantielle

220 2223 532 2298 Identita'ft
560 2222 672 2282 der
695 2221 1255 2296 Seelenvermoqen
1284 2219 1393 2276 mit
1435 2219 1573 2293 dem
1605 2215 1821 2278 Wesen
1856 2219 1971 2278 der
1994 2218 2477 2279 Seelevdartlmn

219 2333 371 2393 will.
426 2329 830 2410 'Auyustinus
867 2334 1006 2406 sayt
1055 2327 1420 2404 allerdinqs,
1457 2327 1612 2386 dass
1644 2327 2283 2405 Erinnerunqskraft,
2326 2327 2478 2388 Ver-

219 2440 415 2502 stand
453 2441 585 2500 und
634 2434 812 2499 Wille
846 2436 974 2496 Ein
1016 2435 1245 2511 Leben,
1289 2435 1409 2494 Ein
1458 2435 1629 2494 Geist
1669 2436 1801 2495 und
1840 2435 1999 2495 Eine
2049 2436 2482 2498 Wirlcsamlseit

220 2551 396 2622 seien¹
415 2569 440 2622 ‚·
497 2540 653 2609 aber
693 2565 836 2610 man
891 2546 1003 2605 kat
1056 2545 1192 2605 siclt
1236 2546 1399 2606 noch
1437 2521 1519 2605 zu'
1553 2544 1805 2624 fraqen,
1845 2546 1913 2605 in
1952 2546 2249 2606 welchem
2290 2545 2481 2607 Sinna

234 2678 306 2734 er
365 2660 469 2718 die
528 2658 669 2717 drei
731 2657 830 2716 ein
875 2656 1121 2715 Ganzes
1165 2656 1547 2715 ausmachen
1585 2655 1805 2715 lasst‘fi
1894 2653 2152 2715 Thomas
2196 2654 2479 2731 Aquinas

227 2769 291 2827 in
336 2783 570 2828 summa
615 2764 804 2827 theol.
859 2762 927 2841 l,
975 2780 1071 2841 qu.
1104 2761 1219 2846 77,
1267 2768 1363 2823 art
1396 2791 1398 2793 v
1431 2760 1487 2834 1,
1534 2762 1734 2822 locum
1782 2760 1983 2838 affert,
2028 2762 2149 2839 qui*
2179 2769 2276 2822 est
2318 2765 2478 2839 apud

224 2877 650 2959 Augustinum
697 2873 958 2950 (le-trin.
1007 2869 1069 2948 9,
1116 2871 1176 2949 4,
1226 2888 1345 2949 quo
1395 2869 1648 2931 dicitur:
1700 2870 1911 2949 „simul
1938 2870 2137 2931 -etiam
2180 2870 2481 2932 admone-

223 3004 384 3064 mur,
433 2986 597 3058 haec
628 2985 689 3045 in
733 2985 932 3044 anima
993 2982 1264 3042 existere
1329 2986 1389 3039 et
1445 2986 1725 3057 tanquam
1773 2980 2044 3042 involuta
2092 2980 2342 3055 evolvi,
2416 2988 2483 3042 ut

220 3073 570 3158 sentiantur
601 3099 662 3153 et
699 3091 1162 3162 dinumerentur
1195 3089 1703 3164 substantialiter,
1751 3106 1874 3149 non
1908 3094 2191 3167 tanquam
2234 3091 2315 3150 in·
2336 3090 2484 3151 sub-

222 3206 416 3279 iecto,
465 3208 534 3261 ut
579 3200 753 3261 c'olor
799 3208 904 3261 aut
951 3198 1146 3279 figura
1193 3199 1256 3258 in
1298 3214 1586 3277 corpore.
1646 3196 1954 3276 Quidquid
1998 3199 2153 3257 enim
2201 3185 2328 3259 tale⁴
2363 3199 2483 3277 est,

223 3328 350 3372 non
378 3308 642 3396 >excedit
687 3309 1065 3384 subiectum,
1128 3309 1192 3367 in
1239 3324 1358 3385 quo
1407 3314 1520 3368 est.
1608 3307 1747 3367 Non
1794 3308 1960 3371 enim,
2002 3307 2177 3367 color
2222 3308 2338 3368 iste
2382 3316 2485 3370 aut

224 3420 424 3501 figura
466 3419 649 3480 huius
695 3419 978 3496 corporis
1023 3423 1230 3495 potest
1276 3432 1416 3476 esse
1459 3415 1715 3476 alterius
1764 3416 2062 3495 corporis,
2152 3416 2325 3477 Mens
2366 3435 2484 3478 au-
2527 3391 2537 3395 -

225 3534 348 3589 tem
393 3545 639 3604 amore,
706 3544 828 3605 quo
857 3603 868 3608 —
896 3544 964 3587 se
1006 3533 1206 3601 amat,
1268 3529 1472 3604 potest
1516 3540 1723 3585 amare
1783 3532 1844 3586 et
1888 3525 2052 3586 aliud
2098 3522 2349 3605 praeter
2392 3542 2482 3586 se.

225 3638 377 3699 Item
421 3651 548 3698 non
592 3654 664 3697 se
704 3637 901 3697 solam
951 3636 1279 3715 cognoscit
1326 3651 1521 3712 menS,
1568 3633 1681 3696 sed
1723 3641 1785 3696 et
1828 3636 1942 3696 alia
1989 3636 2195 3695 multa.
2259 3636 2480 3707 Quam-

229 3746 448 3807 obrem
489 3762 616 3828 non
658 3762 828 3805 amor
877 3751 937 3803 et
981 3746 1254 3826 cognitio
1288 3751 1577 3825 tanquam
1608 3745 1673 3806 in
1705 3745 1986 3805 subiecto
2018 3745 2228 3803 insunt
2271 3742 2487 3817 menti,
2577 3731 2578 3734 '

227 3852 346 3916 sed
384 3854 871 3917 substantialiter
913 3856 1088 3917 etiam
1137 3856 1481 3927 istasunt,
1526 3855 1687 3928 sicut
1729 3856 1861 3933 ipsa
1904 3869 2074 3912 mens
2101 3898 2117 3929 ,
2183 3852 2317 3930 quia
2366 3852 2487 3910 etsi

227 3965 494 4027 relative
521 3947 830 4027 dicuntur
876 3964 950 4024 ad
1001 3965 1287 4041 invicem,
1318 3965 1397 4023 *in
1427 3980 1542 4024 sua
1583 3968 1785 4023 tamen
1823 3966 1965 4022 sunt
2004 3959 2244 4040 singula
2292 3975 2487 4037 quae-

230 4091 348 4154 que
407 4071 811 4139 substantia“.
857 4073 976 4147 (Cf.
1025 4072 1101 4134 de
1147 4073 1286 4135 trin.
1341 4070 1441 4151 10,
1479 4068 1578 4150 10,
1622 4067 1729 4132 16:
1778 4087 1993 4148 „quum
2036 4085 2107 4130 se
2151 4084 2323 4149 mens
2368 4086 2489 4131 no-
