2950 5147
1165 362 1253 375 -.
1343 290 1591 390 137-

171 501 176 506 “
260 504 359 560 est
405 495 479 559 ad
529 494 869 576 perfectam
914 494 1008 554 sui
1055 495 1410 570 scientiam,
1456 493 1589 555 fieri
1633 492 1817 570 solet,
1862 500 1928 556 ut
1960 512 2043 557 se
2089 514 2213 559 non
2261 501 2512 582 cogitet.

255 606 352 666 De
395 605 530 666 trin.
585 599 686 679 14,
732 600 797 676 6,
844 599 913 664 8:
965 603 1309 682 „quomodo
1356 608 1593 677 antem,
1663 601 1909 682 quando
1968 621 2039 666 se
2084 623 2211 667 non
2258 610 2509 690 cogitat,

128 744 137 750 -
257 716 323 774 in
369 717 713 807 conspectu
774 728 887 772 suo
952 726 1079 799 non
1125 712 1243 792 sit,
1307 727 1493 788 quum
1538 711 1675 781 sine
1718 728 1789 772 se
1833 713 1967 791 ipsa
2012 730 2323 793 nunquam
2368 733 2513 778 esse

254 823 490 903 possit,
565 806 740 899 qu'asi
786 819 947 880 aliud
994 820 1076 880 sit
1118 821 1283 900 ipsa,
1342 819 1522 881 ⁴aliud
1584 827 1950 899 conspectus
1997 822 2162 898 eius,
2230 823 2512 887 invenire

254 948 382 992 non
425 926 731 1009 possum.“
821 927 1061 989 Invenit
1114 934 1314 989 tamen
1385 928 1602 989 eodem
1661 928 1805 990 loco
1860 928 2046 991 haec:
2109 937 2383 1010 „restat,
2446 939 2514 994 ut

255 1038 484 1118 aliquid
543 1037 860 1115 pertinens
929 1035 1003 1097 ad
1065 1037 1197 1098 eius
1255 1043 1536 1098 naturam
1603 1038 1683 1099 sit
1726 1045 2103 1118 conspectus
2161 1039 2294 1100 eius
2341 1042 2510 1102 etin

255 1166 410 1222 eam,
459 1145 703 1224 quando
749 1162 820 1205 se
867 1146 1138 1227 cegitat,
1185 1163 1318 1206 non
1364 1146 1541 1226 quasi
1584 1163 1693 1223 per
1737 1145 1860 1208 loci
1903 1147 2207 1225 spatium,
2254 1147 2367 1210 sed
2412 1150 2508 1210 in-

253 1272 560 1334 corporea
607 1255 1024 1316 conversione
1068 1261 1403 1317 revocetur
1419 1277 1436 1331 ;
1506 1273 1695 1334 quum
1762 1274 1911 1329 vero
1968 1274 2098 1318 non
2142 1274 2211 1318 se
2257 1259 2508 1340 cogitat,

252 1382 378 1425 non
436 1364 516 1424 sit
562 1363 810 1442 quidem
871 1364 946 1423 in·
981 1348 1321 1442 conspectu
1384 1381 1502 1425 suo
1575 1381 1695 1450 nec
1739 1362 1817 1425 de
1863 1360 1965 1426 illa
2011 1382 2161 1427 suus
2202 1365 2509 1430 *formetur

253 1475 545 1549 obtutus,
603 1472 715 1532 sed
761 1477 962 1533 tamen
1009 1473 1257 1534 noverit
1296 1490 1406 1547 se,
1465 1478 1755 1550 tanquam
1800 1473 1931 1552 ipsa
1976 1474 2058 1535 sit
2100 1475 2220 1536 sibi
2270 1494 2508 1542 memo-

249 1583 344 1644 ria
390 1580 572 1643 sui‘?“

424 1691 584 1752 Num
628 1690 786 1752 haec
821 1690 1157 1769 ‚explicatio
1203 1689 1472 1752 sufficit?
1544 1688 1812 1764 Minime.
1898 1689 2052 1752 Nam
2092 1708 2216 1754 non
2263 1674 2507 1756 descri-

246 1800 435 1875 bitur,
483 1816 740 1878 quanam
779 1799 1152 1861 mediatione
1196 1800 1295 1876 vel
1341 1799 1565 1878 quibus
1634 1798 1883 1860 auxiliis
1930 1799 2111 1864 homo
2160 1820 2240 1862 ex
2287 1803 2509 1865 condi-

248 1910 425 1970 tione
469 1912 667 1986 sopita
714 1908 1114 1988 expergefiat,
1160 1925 1278 1968 nec
1324 1909 1664 1986 explicatur
1709 1907 1914 1969 valido
1961 1916 2347 1990 argumento,
2394 1930 2507 1974 cur

248 2018 378 2094 ille,
426 2016 501 2078 ad
551 2016 726 2076 cuius
772 2020 1050 2093 naturam
1094 2018 1191 2078 sui
1231 2024 1601 2098 conspectus
1658 2017 1985 2095 pertineat,
2031 2017 2233 2079 intans
2274 2036 2500 2082 recens

249 2133 432 2188 natus
478 2143 549 2187 se
594 2143 719 2186 non
766 2127 1012 2208 cogitet.
1104 2126 1193 2188 De
1240 2127 1380 2188 trin.
1435 2125 1535 2202 14,
1580 2124 1643 2201 6,
1689 2123 1731 2188 9
1776 2127 1893 2188 ait:
1951 2128 2277 2206 „quoniam
2322 2142 2499 2191 men-

251 2243 373 2298 tem
417 2253 661 2315 semper
705 2236 799 2296 sui
843 2237 1191 2297 meminisse
1235 2252 1608 2317 semperque
1666 2252 1736 2296 se
1797 2237 1992 2315 ipsam
2037 2235 2389 2318 intelligere
2440 2245 2504 2299 et

253 2363 483 2422 amare,
529 2345 804 2421 quamvis
850 2360 972 2404 non
1006 2360 1251 2423 semper
1293 2343 1676 2426 se'cogitare
1723 2344 2053 2406 discretam
2086 2345 2160 2406 ab
2201 2346 2312 2422 iis„
2346 2363 2506 2424 quae

248 2471 378 2514 non
424 2459 612 2528 sunt,
669 2451 831 2529 quod
859 2454 1010 2531 ipsa
1057 2459 1171 2528 est,
1218 2453 1528 2534 diximus3-
1560 2453 1981 2534 quaerendum
2028 2460 2158 2532 est,
2232 2473 2504 2534 quonam

247 2561 435 2624 modo
485 2561 587 2623 ad»
609 2561 1042 2643 cogitationem
1087 2565 1391 2641 pertineat
1447 2563 1842 2642 intellectuS,
1908 2564 2125 2651 notitia
2186 2583 2336 2627 vero
2384 2584 2502 2628 cu-

247 2674 473 2750 iusque
517 2670 633 2747 rej,
680 2688 835 2748 quae
882 2671 1042 2731 inest
1085 2674 1290 2747 menti,
1331 2673 1512 2733 etiam
1556 2673 1802 2750 quando
1846 2690 1972 2734 non
2019 2670 2095 2734 de
2142 2673 2276 2751 ipsa
2324 2676 2502 2756 cogi-

248 2790 437 2857 tatur,
486 2778 562 2841 ad
603 2778 796 2848 solam
844 2778 1085 2840 dicatur
1130 2780 1479 2841 memoriam
1525 2780 1898 2858 pertinere“.
1962 2780 2113 2842 Ibid.
2172 2779 2271 2859 14,
2307 2769 2398 2858 7,.
2427 2782 2500 2845 9:

247 2892 736 2969 „admonemur,
815 2906 955 2950 esse
1000 2889 1179 2951 nobis
1224 2889 1286 2949 in
1344 2888 1552 2950 abdito
1596 2888 1818 2950 mentis
1874 2890 2246 2967 quarundam
2291 2908 2501 2953 rerum

251 2999 548 3087 quasdam
608 3000 856 3061 notitias
925 3007 987 3060 et
1050 3004 1196 3060 tunc
1263 2998 1714 3078 quodammodo
1759 2996 2097 3075 procedere
2134 3000 2186 3070 1)
2242 2999 2303 3059 in
2358 3018 2497 3061 me-

247 3112 418 3173 dium
447 3116 628 3189 atque
660 3111 722 3171 in
756 3113 1095 3187 conspectu
1124 3109 1346 3169 mentis
1379 3106 1552 3168 velut
1582 3107 1852 3184 apertius
1889 3107 2204 3181 constitui,
2250 3109 2498 3187 quando

246 3222 644 3300 cogitantur;
690 3225 832 3279 tunc
879 3219 1038 3278 enim
1085 3234 1156 3278 se
1194 3218 1323 3295 ipsa
1356 3232 1526 3277 mens
1567 3222 1630 3275 et
1659 3215 2007 3276 meminisse
2035 3222 2108 3275 ‘et
2150 3216 2501 3299 intelligere

246 3334 307 3388 et
355 3343 563 3387 amare
608 3326 877 3402 invenit,
955 3326 1137 3385 etiam
1201 3324 1366 3385 unde
1422 3342 1549 3386 non
1610 3323 1959 3405 cogitabat,
2023 3324 2269 3402 quando
2332 3328 2499 3390 aliud

247 3435 580 3517 cogitabat.
676 3435 793 3497 Sed
841 3433 1004 3496 unde
1050 3433 1153 3495 diu
1200 3450 1326 3493 non
1374 3434 1847 3513 cogitaverimus
1909 3439 1969 3493 et
2012 3434 2178 3495 unde
2224 3439 2501 3518 cogitare

248 3545 369 3606 nisi
415 3543 706 3606 admoniti
754 3560 878 3603 non
922 3543 1217 3620 valemus,
1263 3543 1325 3604 id
1372 3559 1489 3605 nos
1536 3542 1746 3604 nescio
1795 3559 1916 3622 quo
1958 3541 2296 3622 eodemque
2342 3548 2497 3609 miro

247 3652 455 3731 modo,
502 3654 554 3714 si
591 3657 803 3732 potest
848 3650 990 3728 dici,
1035 3654 1197 3714 scire
1244 3651 1619 3713 nescimus“.
1711 3650 1858 3714 lbid.
1910 3649 2014 3730 14,
2059 3651 2121 3732 6,
2168 3654 2242 3719 8:
2289 3674 2497 3734 „mens

248 3761 497 3843 quando
547 3762 924 3843 cogitatione
992 3781 1061 3828 se
1121 3762 1453 3840 conspicit,
1517 3760 1804 3843 intelligit
1847 3778 1917 3821 se
1963 3768 2023 3822 et
2066 3765 2492 3843 recognoscit,

244 3873 451 3955 gignit
495 3889 646 3951 ergo
695 3871 1069 3947 intel-lectum
1112 3878 1174 3933 et
1217 3870 1633 3951 cognitionem
1678 3886 1872 3934 suam.
1961 3868 2082 3931 Res
2129 3870 2346 3948 quippe
2391 3872 2495 3932 in-

250 3997 552 4059 corporea
624 3979 935 4041 intellecta
1003 3979 1379 4057 conspicitur
1454 3983 1515 4040 et
1588 3978 1997 4059 intelligendo
2074 3979 2492 4058 cognoscitur.

139 4090 155 4097 “
244 4090 378 4151 Nec
422 4090 507 4151 ita
553 4105 702 4149 sane
748 4090 951 4170 gignit
994 4090 1165 4150 istam
1212 4088 1491 4151 notitiam
1550 4103 1725 4149 suam
1766 4102 1973 4164 mens,
2021 4084 2493 4183 qu'andogcogi-

385 4240 443 4304 1)
480 4238 589 4291 Hoc
612 4240 728 4291 loco
754 4238 899 4305 plana
933 4240 986 4291 flt
1024 4228 1337 4306 significatio
1363 4240 1506 4291 verbi
1538 4252 1824 4305 processus,
1846 4253 1961 4305 quo
1998 4235 2243 4287 interdum
2278 4244 2490 4291 utemur.
