2950 5147
302 772 307 777 ,
372 705 635 778 Tempus
677 722 966 791 praesens
1008 713 1101 770 est
1139 712 1397 772 mundus
1439 716 1737 774 actionum
1778 721 1840 778 et
1871 696 2362 781 substantiarum:

368 811 631 882 Tempus
672 816 946 870 futurum
974 819 1069 873 est
1106 817 1369 875 mundus
1408 819 1648 878 virium.

262 940 265 943 ·
367 917 569 988 Ergo:
613 920 872 989 Tempus
910 922 1183 978 futurum
1226 927 1568 982 necessario
1609 933 2040 988 transmutatur
2074 932 2136 989 in
2176 944 2362 1006 prae-

237 1022 497 1078 sentiam
535 1065 551 1097 ,
636 1029 696 1082 et
761 1030 994 1100 tempus
1050 1044 1336 1101 praeseus
1400 1035 1744 1092 necessario
1804 1039 2234 1096 transmutatur
2295 1041 2360 1099 in

233 1129 655 1199 praeteritum.

365 1230 427 1303 9.
459 1234 569 1291 95.
653 1238 857 1310 Ergoz
902 1241 1159 1311 Tempus
1198 1242 1472 1299 futurum
1512 1244 1855 1323 necessario
1896 1244 2267 1306 diminuitur.

368 1343 628 1413 Tempus
662 1358 948 1413 praesens
990 1348 1328 1403 necessario
1370 1349 1666 1404 variatur.

366 1446 626 1516 Tempus
655 1448 1041 1519 praeteritum
1083 1452 1451 1509 necessario„
1468 1454 1713 1509 erescit.

365 1548 429 1622 9.
461 1553 572 1610 96.
653 1555 874 1626 Atqui:
917 1558 1177 1627 Tempus
1213 1572 1497 1628 praesens
1538 1564 1629 1615 est
1669 1564 1905 1623 natura.
1946 1557 2009 1633 9.
2043 1561 2158 1626 67.

288 1662 291 1671 ’
364 1661 624 1730 Tempus
659 1662 1045 1732 praeteritum
1088 1668 1181 1719 est
1226 1664 1489 1721 historia.
1529 1661 1592 1736 9.
1624 1666 1738 1727 69.
1768 1666 1884 1724 46.

364 1766 626 1838 Tempus
667 1770 941 1825 futurum
986 1775 1078 1826 est
1120 1767 1342 1842 vis.[§.
1414 1771 1505 1828 82
1801 1762 1804 1763 ⁷

361 1875 569 1947 Ergo:
631 1874 897 1933 Natura
957 1880 1024 1932 ut
1092 1877 1433 1947 praesentia
1492 1892 1731 1950 semper
1791 1881 2087 1954 mutatur,
2141 1893 2355 1953 neque

242 1974 498 2054 ereseit,
539 1995 738 2053 neque
772 1981 1147 2038 diminuitur.
1448 2066 1451 2069 A

356 2079 651 2142 Historia
693 2088 761 2140 ut
804 2085 1193 2155 praeteritum
1234 2099 1469 2157 semper
1505 2087 1753 2161 erescit,
1805 2102 2006 2161 neque
2051 2092 2350 2168 mutatur,

233 2203 440 2263 neque
475 2188 839 2247 diminuitur.

250 2290 253 2293 ’
360 2288 477 2350 Vis
507 2298 578 2350 ut
631 2297 905 2352 futurum
946 2311 1184 2368 semper
1227 2296 1605 2373 diminuitur,
1670 2312 1869 2371 neque
1921 2302 2188 2356 mutatur
2234 2314 2353 2357 ne-

234 2413 355 2473 que
392 2401 632 2464 erescit.

362 2520 428 2596 9.
474 2524 586 2585 97.
671 2528 885 2601 Ergo:
956 2524 1397 2620 Praeteritum
1464 2534 1589 2588 stat
1661 2526 2048 2591 immutabile.
2139 2530 2356 2589 Forma

233 2631 725 2692 immutabilitatis
759 2640 852 2693 es't
903 2632 1280 2696 necessitas.
2035 2655 2040 2662 ’

347 2740 667 2799 Praesens
706 2744 985 2801 variatur
1033 2759 1268 2816 semper
1315 2748 1376 2801 et
1413 2759 1668 2817 semper.
1750 2744 1965 2801 Forma
1992 2740 2349 2800 variationis

229 2859 353 2919 qua
390 2847 529 2904 talis
565 2852 658 2905 est
704 2845 1052 2921 fortuitus.
1913 2899 1920 2910 .

350 2950 681 3009 Futurum
733 2947 948 3011 emittit
1010 2968 1246 3025 semper
1307 2959 1367 3010 et
1417 2967 1669 3025 semper.
1748 2953 1967 3011 Forma
2015 2947 2356 3009 emissionis

233 3053 533 3111 actionum
568 3071 602 3114 e
642 3055 711 3113 vi
736 3060 829 3113 est
859 3054 1279 3130 possibilitas.
1993 3071 1997 3076 ·

346 3174 415 3247 S.
462 3176 578 3234 98.
663 3171 861 3249 Ergo:
905 3174 1340 3238 Praeteritum
1371 3171 1638 3237 involvit
1669 3175 2109 3244 necessit-ton.

343 3280 664 3340 Praesens
694 3283 958 3342 involvit
988 3287 1318 3344 fortuitum.

343 3383 678 3446 numum
718 3388 982 3447 involvit
1014 3389 1486 3462 possibilitatem.
1527 3413 1534 3416 ’

343 3501 408 3574 9.
449 3506 561 3563 99.
603 3507 804 3581 Ergo.
889 3503 1186 3568 Historia
1227 3496 1491 3568 continet
1537 3526 1637 3569 res
1679 3508 1793 3569 sub
1829 3495 2023 3569 forma
2058 3506 2346 3572 necessi-

225 3604 385 3667 tatis
420 3603 803 3688 existentiae,
845 3629 1002 3686 quae
1045 3619 1139 3670 est
1167 3629 1360 3671 nexus
1401 3615 1688 3672 causalis.

338 3716 607 3775 Natura
673 3720 935 3777 eontinet
1005 3736 1105 3779 res
1170 3719 1281 3777 sub
1357 3724 1551 3779 forma
1599 3707 1927 3794 fortuitus·
1966 3720 2342 3796 existentiae,

225 3819 327 3892 qui
375 3824 470 3877 est
505 3822 811 3879 contuitus
852 3824 1210 3881 existentiae
1239 3826 1634 3882 immediatae.

339 3929 450 3984 Vis
490 3930 759 4000 eontinet
785 3946 884 3987 res
910 3930 1022 3988 sub
1049 3934 1241 3988 forma
1270 3928 1724 4004 possibilitatis
1753 3931 2142 4009 existentiae,
2179 3943 2339 4005 quae

222 4033 317 4087 est
357 4035 684 4111 existendi,
708 4036 977 4094 'vivendi
1019 4043 1079 4094 et
1113 4038 1338 4113 agendi
1362 4041 1646 4097 facultas.
1891 4043 1898 4052 ’

853 4159 1340 4262 Demonstratio
1394 4197 1702 4253 secunda.

334 4319 398 4395 9.
420 4318 577 4386 100.
659 4327 934 4388 Mundus
963 4327 1319 4389 existentiae
1344 4327 1778 4393 incrementum
1800 4265 2021 4404 soeipit
2051 4336 2087 4385 e
2112 4321 2333 4388 mundo

216 4425 455 4492 vitium.
1443 4466 1446 4469 ⁴
