2950 5147
1069 468 1490 524 ...33—

343 626 641 685 Futurum
683 638 897 698 purum
941 622 1215 699 consistit
1276 638 1365 687 ex.
1407 620 1737 699 desiderio,
1776 622 1818 680 i.
1860 638 1917 685 e.
1964 620 2137 700 nim,
2174 622 2346 697 puris

210 727 495 791 via-ibus.
1825 792 1828 795 .

346 834 414 909 S.
457 837 574 893 83.
653 838 823 908 Ergo
878 838 1111 906 tempus
1150 849 1275 907 ,per
1320 848 1389 891 se
1426 833 1699 891 consistit
1745 848 1824 891 ex
1872 832 2065 891 tribus
2104 835 2344 895 mundis

211 916 572 1019 separatis,
607 942 711 1014 qni
753 944 954 999 autem
995 955 1102 1011 per
1141 957 1310 1007 suam
1353 939 1832 1011 compositionem
1874 946 1935 997 et
1971 941 2344 1013 penetratio-

216 1065 359 1107 nem
401 1051 660 1105 formant
701 1045 989 1103 mundum
1030 1047 1193 1103 hunc
1232 1045 1570 1103 visibilem:
1613 1046 1749 1103 scil.

385 1167 464 1210 ex
502 1150 720 1208 mundo
763 1166 1051 1221 purarum
1092 1145 1526 1208 materiarum
1562 1164 1675 1205 seu
1713 1145 2134 1227 realitatum,

379 1272 458 1315 ex
501 1256 720 1313 mundo
762 1270 1051 1326 purarum
1087 1251 1462 1325 formarum
1501 1267 1615 1309 seu
1657 1248 2049 1330 imayz‘num,

380 1378 460 1421 ex
497 1362 716 1421 mundo
758 1377 1044 1456 purarum
1084 1354 1325 1431 virium
1362 1356 1479 1417 seu
1523 1355 1979 1433 cupiditatum.

834 1515 1340 1601 ,Daemon-stratio
1392 1490 1701 1603 Quanta.

337 1647 404 1722 S.
435 1649 549 1707 84.
627 1626 1069 1721 Praeteritum
1096 1667 1340 1722 purum
1369 1656 1462 1709 est
1496 1651 1686 1729 idem,
1728 1646 1887 1725 quod
1916 1656 2337 1725 phantasma.

338 1755 841 1829 Aryumentum:
892 1758 1256 1828 Praeterita,
1313 1758 1456 1830 quia
1510 1773 1626 1815 nou
1685 1756 1813 1845 Jam
1872 1760 2177 1831 existunt,
2220 1775 2339 1819 ex-

210 1861 404 1919 istunt
445 1866 725 1933 tanquam
769 1859 1070 1933 imagines
1111 1860 1172 1916 in
1213 1861 1514 1943 memoria.
1598 1860 1722 1917 Sed
1775 1862 2069 1934 imagines
2111 1878 2340 1921 memo-

210 1968 340 2025 riae
382 1982 501 2024 non
526 1971 670 2024 sunt
709 1965 838 2024 sine
876 1943 1172 2023 relatione
1214 1967 1291 2023 ad
1333 1967 1741 2042 existentiam,
1780 1967 1818 2023 i.
1852 1982 1907 2029 e.
1936 1968 2338 2040 praesentiam

212 2073 533 2148 quandam.
616 2073 682 2129 Si
738 2073 960 2145 spolias
1019 2050 1411 2145 praeteritum
1464 2077 1699 2145 tempus
1754 2074 1908 2130 omni
1962 2074 2337 2150 praesentia,

210 2182 253 2239 i.
296 2196 354 2239 e.
399 2181 749 2253 existentia,
790 2184 1058 2237 remanet
1099 2180 1184 2237 nil
1217 2181 1332 2237 nisi
1373 2195 1576 2236 merae
1615 2178 1949 2253 imagines,
1990 2195 2150 2254 quae
2187 2195 2336 2253 per-

207 2287 403 2346 tinent
461 2286 540 2344 ad
599 2286 829 2344 nullam
883 2286 1278 2358 praesentiam
1341 2287 1480 2343 sive
1539 2287 1953 2365 existentiam,
2030 2290 2101 2344 ut
2152 2301 2204 2343 e.
2259 2299 2329 2361 g.

214 2396 362 2449 suut
390 2384 699 2464 imagines
752 2390 814 2445 in
854 2390 1134 2447 memoria
1176 2389 1418 2447 infideli.

337 2499 544 2555 Schol.
577 2492 629 2553 1.
711 2482 864 2554 Inde
903 2472 1201 2568 efficitur,
1244 2501 1311 2553 ut
1351 2498 1630 2570 propensi
1668 2498 1789 2557 sint
1824 2495 2125 2572 homineS,
2165 2495 2331 2554 anti-
2364 2573 2368 2577 λ

183 2604 563 2680 ἐιυίεείωυιιι
620 2609 890 2678 tempus,
948 2619 1066 2677 quo
1119 2605 1433 2681 memoria,
1492 2605 1534 2662 i.
1579 2621 1632 2662 e.
1678 2607 2065 2676 praeteritum
2112 2605 2331 2661 vivum

208 2709 460 2784 desinit,
518 2723 735 2769 ornare
786 2708 1104 2767 decoribus
1168 2703 1485 2783 praeteriti
1533 2710 1705 2787 puri,
1777 2711 1821 2768 i.
1885 2726 1941 2773 e.
1989 2707 2219 2767 fabulis
2268 2711 2332 2766 et

84 2831 94 2840 ·
209 2817 458 2889 mythis.

335 2921 544 2978 Schol.
578 2921 640 2977 2.
721 2921 843 2979 Ille
895 2920 1067 2978 vitae
1111 2924 1341 2996 status,
1407 2933 1527 2994 quo
1566 2918 1838 2977 vivimus
1886 2920 1951 2978 in
2003 2918 2328 2993 praeterito

219 3040 376 3101 puro
413 3030 693 3101 tanquam
739 3029 799 3086 in
840 3028 1051 3101 aliqua
1087 3027 1458 3100 praesentia,
1503 3031 1598 3084 est
1640 3027 1947 3084 somnium.
2037 3041 2042 3044 ·

330 3137 539 3194 Sclcol.
573 3138 640 3193 3.
724 3137 880 3206 Quia
921 3136 1289 3210 perceptioni
1344 3134 1868 3206 entium-pcr-se
1921 3149 2159 3206 semper
2209 3131 2328 3189 ad-

212 3242 398 3299 mixta
437 3246 531 3299 est
568 3242 777 3314 aliqua
808 3256 948 3314 pars
986 3242 1340 3314 phantasiae
1372 3240 1767 3312 productivae
1800 3240 1912 3297 vel
1942 3240 2328 3298 intuitionum

204 3363 244 3406 a
280 3349 499 3424 priori,
543 3348 749 3407 dicere
785 3348 962 3422 licet,
1016 3350 1396 3421 praesentiae
1443 3353 1684 3405 nostrae
1724 3333 1961 3420 semper
2005 3346 2327 3416 admixtam

203 3469 344 3515 esse
381 3456 645 3529 aliquam
676 3455 1003 3527 portionem
1046 3452 1371 3525 praeteriti.
1413 3450 1474 3523 §.
1501 3451 1615 3510 56.

322 3571 387 3647 §-
418 3569 529 3632 85.
610 3574 939 3633 Futurum
974 3589 1217 3646 purum
1256 3579 1351 3631 est
1386 3572 1545 3631 idem
1563 3615 1581 3650 ,
1620 3570 1782 3648 quod
1811 3583 2096 3644 persona
2133 3586 2281 3630 mea
2300 3611 2319 3648 ,

202 3680 339 3740 sive
386 3679 708 3754 expetendi
747 3685 807 3739 et
844 3680 1069 3754 agendi
1108 3653 1409 3739 facultass

322 3787 606 3860 Arqum:
659 3786 1043 3860 Exspectatio
1089 3785 1331 3862 absque
1378 3801 1480 3863 re,
1542 3801 1700 3860 quae
1758 3788 2184 3857 exspectatur,
2229 3783 2324 3838 est

201 3888 386 3948 animi
406 3890 579 3947 nisus
602 3892 665 3946 et
690 3889 939 3947 intentio
962 3886 1028 3960 ς.
1057 3889 1171 3945 77.
1190 3888 1324 3962 60.,
1350 3889 1667 3961 expetendi
1697 3893 1758 3945 et
1781 3888 2006 3962 agendi
2036 3887 2321 3959 facultas,

202 4007 366 4070 quae
411 3995 620 4052 eadem
674 3998 769 4051 est
820 3996 1087 4052 facultas
1144 3994 1424 4068 cupiendi
1484 3999 1547 4052 et
1583 3985 1997 4070 desiderandi,
2055 3992 2322 4050 facultas

199 4100 503 4176 practica,
544 4101 587 4160 i.
634 4116 690 4159 e.
730 4116 985 4174 persona
1023 4116 1174 4159 mea.

321 4218 389 4294 §-
421 4221 538 4282 86.
617 4221 1005 4285 Praesentia
1051 4239 1232 4297 pura
1272 4228 1367 4283 est
1403 4221 1587 4302 idem,
1629 4223 1790 4299 quod
1832 4217 2321 4292 entia-perne

201 4327 298 4389 Cr.
341 4322 412 4402 8.
440 4323 561 4385 56.

288 4443 292 4448 ’
491 4483 495 4486 Α
1952 4429 2001 4491 5
