2950 5147
1316 291 1742 358 ...35-

395 467 645 550 quentia
691 469 936 528 servata
983 460 1247 546 cogitari
1290 465 1577 540 nequeat.
1667 457 1825 533 Quid
1874 455 2034 519 enim
2084 454 2379 537 cogitatio
2430 461 2496 518 et
2539 469 2655 517 ex-

399 577 602 640 tensio
650 589 976 651 commune
1019 569 1298 633 habent?
1356 566 1635 646 Accedit,
1682 564 1847 646 quod
1887 563 2024 626 idea
2072 570 2330 625 naturae
2373 564 2658 626 Cartesio

395 687 493 746 est
558 654 889 742 adventitia
932 683 1400 759 proptereaque
1469 675 1753 754 sequitur
1813 672 1986 734 ideas
2061 671 2386 754 ingenitas.
2475 666 2660 747 ‘Quia

391 780 849 853 idea-naturae
889 793 986 848 est
1027 785 1383 860 adventitia,
1429 801 1557 845 non
1589 770 1931 862 vpossumus
1977 798 2091 862 pro
2138 799 2209 842 re
2254 781 2663 844 indubitanda

392 889 652 974 habere,
704 895 875 957 ideas
919 904 1127 957 rerum
1175 899 1565 955 externarum
1629 909 1665 952 a
1709 891 1895 952 rebus
1944 897 2120 950 extra
2166 908 2291 979 nos·
2331 888 2664 982 existenti..

393 1007 510 1068 bus
555 1004 823 1084 prodire.
912 1001 1004 1068 Ad
1066 1003 1224 1064 hanc
1285 1001 1529 1081 quidem
1602 1001 1951 1079 opinionem
1994 997 2292 1072 (meditat.
2337 997 2426 1077 3.)
2474 1007 2661 1062 natu-

399 1115 517 1177 rali
563 1111 852 1173 instinctu
897 1110 1230 1188 trahimur,
1264 1088 1403 1172 'non
1453 1110 1717 1171 ratione.
1784 1109 1975 1168 'Viam
2004 1152 2023 1184 ,
2069 1125 2191 1198 qua
2234 1105 2434 1168 ideam
2482 1116 2665 1170 natu-

410 1240 522 1284 rae
563 1220 1013 1300 adi-piscamur,
1078 1209 1392 1281 Cal-tesius
1438 1217 1733 1280 describit
1797 1220 1858 1278 in
1906 1218 2158 1299 princip.
2207 1216 2427 1297 philos.
2472 1215 2539 1293 2,
2594 1217 2660 1280 l:

415 1329 768 1411 „quidquid
797 1331 1143 1407 sentimus,
1203 1328 1424 1407 procul
1486 1327 1669 1390 dubio
1716 1326 1894 1389 nobis
1944 1314 2192 1388 advenit
2239 1345 2272 1388 a
2307 1327 2389 1389 *re
2434 1327 2663 1419 aliqua,

399 1458 561 1520 quae
601 1458 637 1502 a
683 1446 886 1516 mente
935 1445 1153 1502 nostra
1210 1437 1468 1500 diversa
1504 1444 1651 1502 estc·
1712 1439 1929 1516 Neque
1992 1438 2151 1498 enim
2197 1443 2291 1498 est
2334 1439 2396 1497 in
2443 1439 2660 1499 nostra

397 1553 726 1628 potestate,
775 1549 1050 1625 efficere,
1095 1553 1161 1608 ut
1205 1565 1387 1610 unum
1424 1549 1629 1626 potius
1676 1564 1858 1627 quam
1905 1548 2069 1609 aliud
2116 1549 2501 1625 sentiamus,
2545 1547 2663 1609 'sed
2725 1536 2730 1539 ⁵

317 1645 324 1653 ’
396 1657 518 1721 hoc
562 1676 597 1720 a
641 1677 712 1720 re
752 1659 877 1736 illa,
923 1675 1084 1736 quae
1129 1661 1356 1719 se‘nsus
1398 1663 1650 1718 nostros
1698 1656 1908 1734 afficit,
1955 1658 2136 1736 plane
2181 1652 2457 1735 pendet.·
2507 1653 2667 1720 Sen-
2882 1607 2887 1706 1

403 1769 586 1830 timus
631 1784 681 1829 s.
725 1767 931 1845 potius
973 1785 1009 1828 a
1052 1768 1247 1829 sensu
1304 1767 1551 1847 impulsi
1612 1766 1780 1828 clare
1848 1773 1911 1827 et
1957 1765 2244 1828 distincte
2278 1746 2667 1847 percipimus
2731 1848 2736 1851 ,

397 1876 712 1937 materiam
758 1873 1062 1955 quandam
1108 1883 1425 1937 extensam
1469 1876 1535 1937 in
1573 1875 1871 1957 longum,
1912 1858 2099 1936 latum
2149 1871 2654 1955 et‘profundum.

414 1985 616 2064 Ipsam
662 1984 829 2046 clare
891 1983 1291 2064 intelligimus
1339 1992 1625 2063 tanquam
1668 2003 1800 2047 rem
1843 2004 1878 2046 a
1922 1985 2057 2046 Deo
2106 1991 2168 2046 et
2213 2004 2247 2046 a
2292 1986 2475 2046 nobis
2524 2003 2578 2048 s.
2628 2001 2663 2047 a

410 2098 619 2154 mente
659 2098 874 2153 nostra
912 2090 1097 2170 plane
1144 2093 1482 2169 diversam3
1524 2113 1599 2155 ac
1636 2095 1825 2156 >etiam
1873 2095 2040 2155 clare
2086 2093 2301 2156 videre
2343 2077 2523 2157 nobis
2572 2097 2668 2158 vi·
2862 2133 2887 2178 Ἴ

405 2201 652 2280 demur,
697 2203 831 2264 eius
875 2201 1073 2264 ideam
1120 2221 1154 2264 a
1199 2204 1387 2266 rebus
1436 2209 1632 2291 extra¹
1659 2221 1775 2266 nos
1814 2205 2075 2283 positiS,
2146 2189 2367 2285 quibus
2410 2208 2667 2275 omnino

401 2310 630 2372 similisv
661 2317 780 2399 est,
827 2309 1158 2386 advenire3
1204 2312 1318 2374 Dei
1363 2316 1569 2374 autem
1614 2319 1867 2376 naturae
1911 2314 2094 2392 plane
2137 2332 2491 2394 repugnare
2518 2363 2539 2393 ‚
2592 2322 2669 2380 ⁴ut

397 2419 481 2480 sit
535 2416 867 2498 deceptor,
933 2421 1051 2482 iam
1110 2427 1275 2484 ante.
1321 2428 1416 2483 est
1487 2424 2002 2486 animadversum.
2111 2424 2318 2504 Atque
2354 2424 2518 2487 ideo
2566 2425 2667 2488 hic
2879 2446 2887 2499 4

398 2529 648 2592 omnino
697 2528 1190 2593 concludendum
1236 2539 1355 2610 est,
1397 2549 1530 2594 rem
1576 2531 1877 2614 quandam
1921 2540 2237 2595 extensam
2266 2535 2331 2595 in
2366 2533 2662 2617 longum,

401 2639 590 2713 latum
637 2646 702 2700 et
743 2638 1115 2720 profundum
1161 2633 1502 2722 omnesque
1544 2643 1681 2704 illas
1720 2643 2155 2722 proprietates,
2199 2661 2350 2723 quas
2396 2640 2491 2707 rei
2540 2657 2663 2707 ex-'

411 2753 628 2810 tensae
674 2749 1012 2812 convenire
1058 2751 1229 2812 clare
1273 2752 1669 2832 percipimus,
1714 2752 2041 2840 habentem
2091 2756 2381 2815 existere.
2428 2753 2667 2834 Estque

401 2856 557 2920 haec
600 2874 708 2919 res
752 2864 1034 2936 extensa,
1082 2876 1261 2938 quam
1305 2877 1531 2939 corpus
1576 2877 1625 2925 s.
1672 2863 2432 2941 naturamxappell-amusffl
2514 2864 2665 2926 lbid.

408 2972 467 3039 §-
513 2962 589 3028 2:
681 2966 937 3044 „eadem
995 2970 1235 3029 ratione
1302 2972 1490 3031 menti
1548 2976 1800 3033 nostrae
1851 2988 2075 3051 corpus
2122 2971 2422 3054 quoddam
2472 2976 2669 3055 magis

402 3082 573 3137 arcte
617 3080 812 3153 quam
850 3077 1094 3155 reliqua
1140 3077 1262 3139 alia
1294 3071 1562 3160 corppra
1593 3082 2004 3143 ‘coniunctum
2040 3099 2183 3143 esse
2225 3083 2527 3145 concludi
2552 3102 2671 3163 po-

396 3185 522 3243 te‘st
566 3200 645 3243 ex
688 3201 787 3261 eo,
833 3185 996 3265 quod
1037 3190 1394 3267 perspicue·
1420 3190 1836 3270 advertamuS,
1882 3192 2140 3257 dolores
2188 3185 2475 3272 aliosque
2519 3210 2671 3254 sen-

401 3305 507 3350 sus
553 3290 730 3353 nobis
778 3309 858 3352 ex
903 3294 1234 3373 improviso
1281 3296 1626 3377 advenire,
1677 3317 1829 3379 quos
1877 3315 2049 3365 mens
2097 3310 2192 3365 est
2238 3304 2492 3365 conscia
2537 3320 2669 3364 non

398 3416 435 3459 a
461 3413 550 3465 se
593 3398 727 3465 sola
766 3401 1078 3479 proficisci
1123 3420 1239 3465 neo
1285 3404 1360 3467 ad
1399 3424 1472 3473 se
1514 3410 1833 3487 pertinere
1880 3430 1959 3472 ex
2004 3428 2082 3471 eo
2127 3413 2313 3489 solo,
2335 3398 2533 3491 quod
2585 3413 2668 3474 sit

396 3522 500 3566 res
548 3506 855 3587 cogitans,
901 3509 1012 3571 sed
1056 3517 1287 3577 tantum
1334 3533 1415 3576 ex
1460 3532 1575 3593 eo,
1647 3516 1813 3597 quod
1872 3519 2049 3581 alteri
2114 3521 2353 3583 cuidam
2409 3521 2501 3581 rei
2550 3539 2669 3582 ex-

398 3620 615 3677 tensae
659 3634 734 3677 ac
776 3617 985 3683 mobili
1022 3621 1307 3684 adiuncta
1349 3624 1490 3687 sit“.
2639 3691 2645 3696 .

568 3724 738 3787 Haec
780 3728 971 3808 igitur
1016 3734 1111 3790 est
1154 3731 1504 3810 copulatio,
1573 3752 1750 3812 quam
1798 3733 2189 3817 Augustinus
2239 3745 2302 3800 et
2343 3738 2668 3801 Cartesius
2874 3736 2887 3766 ¹

397 3830 748 3896 decernunt
805 3836 1205 3899 intercedere
1258 3840 1423 3900 inter
1490 3844 1934 3923 cogitationem
1996 3846 2218 3907 mentis
2280 3846 2359 3908 de
2413 3863 2486 3908 se
2525 3849 2665 3927 ipsa

396 3941 678 4019 aliasque
737 3943 1126 4025 ontologicas
1185 3947 1618 4029 cogitationes,
1686 3953 1861 4025 Quo
1920 3954 1984 4014 in
2019 3970 2284 4035 ¹genere
2341 3963 2656 4035 quatenus

397 4044 641 4111 differat
687 4050 844 4113 alter
888 4052 962 4113 'ab
1009 4053 1230 4131 altero,
1277 4063 1583 4135 quatenus
1629 4059 1787 4121 alter
1829 4062 2204 4124 assentiatur
2247 4064 2471 4143 alteri,
2506 4050 2668 4127 'bre-

349 4231 355 4237 .
397 4156 560 4219 viter
603 4159 1130 4263 perlustrabimus.
1176 4163 1330 4227 Tota
1373 4164 1723 4231 differentia
1766 4185 1851 4232 ex
1894 4187 1973 4233 eo
2017 4169 2265 4251 pendet,
2309 4173 2477 4253 quod
2508 4174 2666 4237 Carss-
