2950 5147
1243 239 1855 322 *ΖΟ-

343 439 698 521 inmotae&
772 440 908 518 nod)
982 438 1130 520 nicht
1201 439 1354 505 assess
1424 457 1562 522 gum
1626 440 1913 506 uetuessen
1979 440 2294 507 OEttennen
2359 440 2786 521 &tietbetlicbe

343 550 632 633 gcieiftet3
694 556 758 617 εδ
808 549 875 630 ἱῙὶ
923 554 1060 629 aud)
1110 552 1245 632 nod>
1291 549 1684 632 uotinnenbig,
1746 551 1859 632 bug
1904 553 2003 615 bet
2044 550 2332 632 3111111111
2375 553 2485 616 ben
2529 550 2786 616 {Bilberu

328 665 440 727 -ber
464 660 1025 743 &inbiibungssfmst
1057 663 1422 743 gugemenbet
1463 659 1668 726 bleibe.
1736 660 1859 727 §Die
1892 660 2560 743 &riuti-unguine,
2606 661 2787 744 tbeiiss

553 3016 594 3083 ¹)
649 3016 751 3070 Sed
789 3019 975 3069 contra
1008 3022 1092 3069 est
1126 3016 1266 3084 quod
1303 3015 1663 3083 Philosophus
1696 3015 1833 3068 dicit
1866 3015 1923 3067 in
1957 3016 1989 3067 3
2024 3014 2090 3067 de
2124 3014 2323 3068 Anima
2356 3016 2491 3068 text.
2523 3014 2604 3078 30,
2643 3016 2788 3082 quod

340 3100 519 3153 nihil
554 3101 692 3155 sine
727 3101 1208 3169 phantasmate
1254 3101 1614 3168 intelligit
1660 3100 1897 3154 anima.
1965 3099 2279 3167 Respondeo
2322 3098 2606 3153 dicendum
2642 3100 2788 3168 quod

337 3185 671 3252 impossibile
702 3188 786 3239 est
821 3186 1161 3239 intellectum
1185 3188 1431 3238 nostrum
1456 3184 1746 3237 secundum
1774 3184 2070 3251 praesentis
2106 3184 2252 3237 vitae
2284 3186 2489 3237 statum
2527 3200 2631 3252 quo
2667 3202 2790 3251 pas-

339 3268 488 3321 sibili
523 3269 728 3336 corpori
763 3269 1126 3336 conjungitur‚
1175 3268 1382 3337 aliquid
1419 3268 1727 3335 intelligere
1762 3268 1821 3321 in
1870 3270 2011 3332 actu,
2060 3268 2164 3320 nisi
2212 3268 2568 3321 convertendo
2616 3285 2671 3321 se
2719 3268 2788 3321 ad

340 3351 740 3419 phantasmata.
808 3353 882 3405 Et
916 3352 1016 3405 hoc
1051 3352 1260 3405 duobus
1293 3352 1510 3405 indiciis
1546 3354 1788 3420 apparet.
1844 3352 2025 3407 Primo
2062 3350 2278 3419 quidem
2305 3352 2448 3419 quia,
2484 3368 2598 3406 cum
2628 3353 2790 3406 intel-

338 3436 512 3489 lectus
546 3437 620 3489 sit
654 3438 736 3491 vis
772 3437 1033 3505 quaedam
1069 3454 1174 3489 non
1210 3440 1368 3490 utens
1405 3436 1668 3504 corporali
1708 3453 1925 3505 organo,
1973 3436 2122 3490 nullo
2157 3436 2313 3489 modo
2348 3436 2699 3505 impediretur
2732 3438 2787 3489 in

339 3539 435 3575 suo
481 3524 605 3576 actu
652 3538 745 3589 per
777 3521 1065 3575 laesionem
1099 3521 1324 3590 alicujus
1369 3522 1655 3590 corporalis
1706 3522 1895 3590 organi
1910 3543 1924 3586 ;
1970 3522 2019 3575 si
2064 3538 2172 3575 non
2217 3520 2521 3590 requiretur
2560 3522 2627 3575 ad
2674 3522 2789 3590 ejus

337 3611 521 3663 actum
553 3611 706 3662 actus
743 3606 967 3675 alicujus
992 3607 1267 3675 potentiae
1303 3608 1510 3661 utentis
1534 3625 1736 3676 organo
1764 3608 2041 3677 corporali.
2098 3608 2346 3661 Utuntur
2365 3609 2549 3680 ¹autem
2584 3624 2789 3674 organo

339 3692 597 3761 corporali
630 3709 817 3747 sensus
852 3694 909 3746 et
942 3693 1279 3760 imaginati0‚
1315 3696 1371 3746 et
1405 3693 1542 3746 aliae
1577 3694 1715 3747 vires
1749 3693 2081 3761 pertinentes
2116 3692 2184 3746 ad
2220 3694 2428 3761 partem
2454 3693 2788 3749 sensitivam.

337 3778 492 3833 Unde
524 3763 871 3833 manifestum
904 3782 988 3832 est
1022 3777 1164 3847 quod
1200 3778 1268 3832 ad
1302 3779 1403 3831 hoc
1438 3778 1579 3847 quod
1616 3778 1932 3832 intellectus
1968 3781 2096 3833 actu
2130 3777 2427 3845 intelligat,
2474 3793 2580 3830 non
2613 3776 2790 3829 solum

336 3864 643 3932 accipiendo
665 3864 948 3918 scientiam
971 3864 1036 3917 de
1061 3881 1215 3930 novo,
1250 3864 1341 3918 sed
1378 3864 1543 3918 etiam
1567 3864 1767 3918 utendo
1790 3864 2020 3918 scientia
2035 3864 2147 3932 jam
2175 3862 2458 3932 acquisita,
2493 3862 2791 3930 requiritur

335 3951 488 4001 actus
519 3949 924 4018 imaginationis
959 3952 1016 4003 et
1051 3954 1382 4003 caeterarum
1411 3949 1695 4003 virtutum.
1751 3950 2008 4004 Videmus
2032 3950 2174 4003 enim
2205 3948 2348 4017 quod
2374 3947 2637 4015 impedito
2662 3950 2793 4001 actu

335 4034 558 4087 virtutis
591 4034 978 4103 imaginativae
1012 4051 1106 4102 per
1138 4034 1430 4093 laesionem¹
1467 4034 1671 4101 organi,
1717 4038 1779 4088 ut
1826 4035 1883 4087 in
1918 4033 2266 4103 phreneticis,
2315 4037 2371 4087 et
2407 4032 2657 4086 similiter
2690 4032 2793 4085 im-

336 4118 519 4186 pedito
554 4121 682 4173 actu
715 4119 1096 4173 memorativae
1141 4120 1380 4184 virtutis,
1427 4122 1492 4172 ut
1526 4120 1582 4172 in
1615 4120 1947 4189 lethargicis,
1996 4119 2293 4188 impeditur
2328 4119 2487 4172 homo
2523 4119 2592 4172 ab
2629 4118 2795 4171 intel-

334 4201 554 4269 ligendo
604 4202 661 4254 in
697 4205 824 4256 actu
870 4203 1035 4257 etiam
1085 4220 1149 4256 ea
1195 4219 1421 4271 quorum
1467 4202 1750 4257 scientiam
1801 4204 2151 4273 praeaccepit.
2230 4203 2473 4257 Secundo
2519 4203 2648 4271 quia
2689 4203 2793 4257 hoc

336 4287 569 4355 quilibet
590 4287 645 4340 in
670 4304 726 4347 se
743 4288 860 4356 ipso
884 4288 1110 4357 experiri
1136 4292 1332 4356 potest,
1358 4289 1502 4357 quod
1529 4289 1742 4357 quando
1767 4289 1963 4357 aliquis
1982 4291 2205 4342 conatur
2230 4288 2442 4356 aliquid
2467 4288 2793 4356 intelligere,

334 4373 531 4427 format
565 4373 671 4426 sibi
705 4374 890 4441 aliqua
922 4374 1310 4442 phantasmata
1359 4391 1453 4441 per
1487 4374 1702 4428 modum
1747 4374 2122 4442 exemplorum,
2167 4372 2223 4425 in
2270 4373 2467 4440 quibus
2510 4372 2667 4440 quasi
2710 4372 2795 4425 in-

334 4458 530 4527 spiciat
562 4458 705 4526 quod
737 4458 1042 4526 intelligere
1077 4458 1280 4513 studet.
1348 4461 1422 4515 Et
1455 4459 1580 4514 inde
1615 4462 1701 4514 est
1732 4459 1898 4513 etiam
1934 4458 2077 4527 quod
2112 4457 2332 4527 quando
2370 4458 2605 4525 aliquem
2641 4457 2795 4510 volu-

333 4559 454 4599 mus
478 4543 648 4599 facere
672 4542 878 4614 aliquid
902 4542 1229 4613 intelligere,
1265 4545 1609 4617 proponimus
1636 4545 1687 4601 ei
1709 4543 1952 4616 exempla
1973 4560 2037 4599 ex
2055 4543 2253 4613 quibus
2275 4542 2383 4598 sibi
2406 4542 2797 4613 phantasmata
