2950 5147
1370 247 1788 314 ..28-

433 426 583 506 „his
629 400 860 507 quippe
894 425 1166 487 visorum
1213 424 1582 506 imaginibus
1642 425 1921 487 maxime‘
1960 426 2161 488 anima
2218 425 2520 506 probatur
2568 441 2706 492 uon

447 553 591 597 esse
655 551 982 616 corporea.
1090 534 1262 607 Quae
1320 534 1485 595 unde
1548 534 1752 610 fiant,
1793 536 1834 595 i.
1904 550 1956 599 e.
2019 540 2327 614 ‘quaenam
2386 535 2489 595 sit
2528 533 2709 597 velut

454 638 742 705 materies
803 637 1056 720 eorum,
1120 643 1256 723 quis
1320 644 1623 724 indagaro
1688 649 1891 724 potest
1956 651 2059 707 aut
2125 643 2386 706 dicere?
2472 643 2709 705 Procul

434 751 640 815 ⁴dubio
688 759 889 814 tamen
933 752 1228 830 spiritalis
1275 757 1401 831 est,
1448 768 1574 814 non
1620 752 1999 839 corporalis;
2044 768 2305 832 namque
2349 750 2707 814 huiusmodi

457 863 700 942 species
747 861 911 924 velut
968 878 1330 940 corporum,
1377 878 1502 924 non
1562 868 1765 924 tamen
1823 878 2123 941 corpora,
2190 866 2252 922 et
2314 860 2708 941 vigilantium

453 970 834 1052 cogitatione
879 970 1223 1034 formantur
1271 977 1332 1032 et
1374 970 1797 1051 profunditate
1858 971 2191 1033 memoriae
2237 969 2706 1036 continentur“.

441 1080 535 1140 De
581 1097 724 1167 gen.
773 1080 851 1142 ad
897 1081 984 1143 lit.
1035 1076 1129 1156 12,
1184 1077 1296 1156 18,<
1326 1068 1452 1143 4οέ
1495 1100 1612 1160 „ex
1656 1081 1793 1142 eius
1839 1079 1953 1160 (sc.
2003 1080 2364 1155 memoriae)
2429 1079 2701 1153 abditis?

428 1172 612 1251 ‘simis
651 1191 890 1273 sinibus
937 1189 1250 1269 prodeunt
1293 1196 1355 1251 et
1397 1193 1577 1271 quasi
1623 1197 1765 1252 ante
1813 1190 2028 1252 oculos
2073 1189 2310 1269 prolata
2356 1193 2703 1251 versantur.

445 1299 589 1361 'fam
651 1299 871 1360 multas
931 1301 1125 1380 igitur
1192 1306 1254 1360 et
1326 1303 1447 1360 ta'm
1513 1315 1768 1382 magnas
1835 1316 2165 1378 corporum
2228 1299 2572 1377 imagines,
2642 1297 2700 1358 si

455 1409 656 1470 anima
697 1426 936 1488 corpus
975 1415 1181 1488 esset,
1241 1427 1464 1488 capere
1512 1408 1844 1492 cogitando
1892 1409 1994 1472 vel
2034 1409 2330 1471 memoria
2370 1405 2705 1470 retinendo

352 1543 356 1547 ·
457 1536 583 1581 non
627 1517 894 1598 posset“.
989 1517 1264 1599 Egregie
1309 1526 1530 1580 natura
1576 1519 1895 1600 cogitandi
1953 1496 2296 1580 illustratur
2341 1515 2419 1578 de
2451 1517 2705 1579 *animae

450 1629 714 1711 immort.
766 1625 877 1690 10:
926 1628 1100 1707 „quis
1147 1629 1307 1689 enim
1368 1628 1530 1690 bene
1574 1645 1644 1689 se
1688 1627 2027 1707 inspiciens
2072 1643 2199 1687 non
2243 1630 2552 1704 expertus,
2583 1631 2706 1701 est,

450 1743 624 1799 tanto
669 1755 738 1798 se
783 1715 1438 1817 aliquid'intellexisse
1484 1738 1827 1814 sincerius,
1872 1742 2100 1814 quanto
2144 1751 2469 1819 removere
2502 1718 2705 1813 atque

456 1845 806 1909 subducere
884 1849 1322 1936 cogitationem
1385 1849 1606 1909 mentis
1662 1863 1727 1908 av
1762 1847 2044 1908 sensibus
2109 1845 2387 1925 corporis
2458 1843 2706 1922 potuit?

448 1956 687 2030 Quodsi
731 1958 1093 2034 temperatio
1140 1958 1427 2036 corporis
1472 1964 1642 2018 esset
1687 1957 1956 2032 animuS,
2003 1971 2125 2018 non
2172 1955 2387 2032 utique
2430 1953 2493 2014 id
2537 1969 2698 2032 pos-

457 2071 555 2127 set
594 2064 909 2126 accidere.'
984 2065 1123 2126 Non
1171 2067 1332 2126 enim
1378 2084 1450 2126 ea
1496 2082 1826 2144 res,·quae
1885 2055 2161 2126 naturam
2221 2062 2532 2149 propriam
2578 2079 2708 2124 nou

455 2172 712 2236 haberet
756 2188 956 2254 neque
996 2162 1340 2237 substantia
1386 2179 1589 2252 esset,
1635 2173 1747 2235 sed
1800 2176 1862 2236 in
1907 2172 2185 2236 subiecto
2248 2187 2514 2252 corpore
2558 2177 2705 2233 tan-

456 2300 635 2362 quam
667 2283 842 2346 color
879 2291 940 2345 et
985 2283 1180 2345 forma
1226 2281 1715 2363 inseparabiliter
1761 2284 2015 2360 inesset,
2061 2282 2230 2345 nullo
2283 2281 2467 2342 modo
2512 2298 2585 2342 se
2628 2281 2706 2342 ab

461 2392 680 2456 eodem
733 2410 1002 2475 corpore
1062 2391 1138 2454 ad
1195 2394 1603 2475 intelligibilia
1668 2391 2065 2473 percipienda
2123 2397 2454 2453 conaretur
2512 2408 2707 2452 aver-

458 2510 618 2581 tere,
665 2503 833 2564 etin
890 2509 1176 2582 quantum
1232 2505 1291 2565 id
1350 2511 1592 2585 posset,
1641 2505 1701 2564 in
1756 2509 1986 2565 tantum
2044 2506 2264 2584 posset
2317 2500 2707 2562 illaffintueri

451 2630 643 2694 eaque
688 2614 926 2676 visione
968 2615 1182 2677 melior
1228 2620 1288 2675 et
1331 2616 1749 2693 praestantior
1793 2614 1945 2676 lieri.
2034 2612 2232 2675 Nullo
2249 2612 2471 2692 quippe
2518 2611 2704 2673 medo

453 2724 551 2785 vel
599 2723 808 2794 forma
837 2723 934 2788 vel
983 2724 1159 2787 color
1205 2726 1304 2787 vel
1348 2726 1481 2804 ipsa
1540 2725 1723 2787 etiam
1769 2726 2055 2803 corporis
2101 2721 2497 2800 temperatio,
2544 2711 2707 2800 quae

452 2836 625 2896 c'er'ta
672 2836 1026 2897 commixtio
1074 2840 1169 2896 est
1235 2852 1442 2897 earum
1505 2841 1773 2913 quatuor
1840 2837 2234 2908 naturarum,
2281 2830 2499 2909 quibus
2544 2818 2707 2890 idem

426 2955 677 3025 'corpus
722 2946 1040 3020 subsistit,
1095 2950 1385 3008 avertere
1425 2962 1497 3005 se
1560 2945 1633 3005 ab
1694 2961 1770 3004 eo
1831 2939 2061 3023 potest,
2108 2942 2169 3014 in
2224 2957 2347 3021 quo
2407 2946 2506 3003 est
2546 2939 2708 3001 sub-

457 3058 616 3115 iecto
664 3056 1220 3135 inseparabiliter“.
1393 3131 1404 3140 .
1888 3137 1892 3139 V
1958 3124 1970 3136 ,
2251 3111 2259 3117 ,

621 3164 917 3240 Accedit,
964 3166 1128 3244 quod
1183 3183 1260 3226 ex
1301 3165 1634 3247 Augustini
1702 3164 2012 3225 sententia
2072 3161 2328 3241 qualitas
2387 3157 2705 3221 sentiendi

451 3272 604 3340 talis
633 3278 770 3347 est,
828 3280 895 3332 ut
934 3248 1182 3351 spiritus
1241 3276 1296 3334 si
1342 3290 1571 3353 corpus
1615 3280 1811 3346 esset,
1857 3273 2142 3353 nequiret
2207 3268 2425 3333 adesse
2470 3269 2535 3330 in
2576 3257 2744 3329 toto'

347 3396 355 3402 ·
455 3398 723 3462 corpore
786 3388 928 3458 tota,
1022 3382 1209 3461 Epist.
1286 3381 1404 3446 166
1465 3385 1544 3446 ad
1612 3384 1896 3453 Hieron:
1958 3384 2048 3462 „si
2103 3397 2329 3461 corpus
2399 3397 2526 3442 uon
2589 3386 2709 3453 est,

449 3492 570 3552 nisi
618 3491 778 3571 quod
828 3511 937 3571 per
982 3492 1104 3554 loci
1149 3496 1408 3573 spatium
1455 3495 1660 3573 aliqua
1710 3493 2123 3576 longitudine,
2167 3490 2512 3565 latitudine,
2559 3489 2703 3552 alti-⁶

449 3600 659 3663 tudine
703 3602 786 3662 ita
826 3604 1064 3665 sistitur
1114 3605 1212 3667 vel
1262 3612 1579 3681 movetur,
1626 3612 1695 3690 ut
1738 3606 1973 3668 maiore
2030 3603 2125 3665 sui
2169 3608 2345 3682 parte
2410 3600 2708 3662 maiorem

448 3712 650 3773 locum
698 3720 962 3791 occupet
1007 3721 1066 3775 et
1129 3714 1418 3777 breviore
1459 3717 1814 3779 breviorem
1878 3715 2196 3793 minusque
2264 3714 2346 3774 sit
2398 3713 2463 3773 in
2531 3716 2712 3789 parte

452 3840 632 3903 quam
680 3825 742 3884 in
783 3830 952 3900 toto,
1000 3843 1124 3886 non
1173 3832 1267 3887 est
1321 3844 1547 3907 corpus
1594 3830 1789 3889 anima
1805 3846 1824 3901 3
1878 3843 1987 3905 per
2030 3829 2221 3886 totum
2284 3822 2506 3903 quippe
2554 3821 2710 3881 cor-

451 3951 599 4012 puS,
644 3934 809 4012 quod
868 3936 1127 4013 animat,
1189 3938 1561 4001 non'locali
1622 3936 1998 4012 diffusione,
2043 3930 2166 3995 sed.
2217 3929 2473 4011 quadam
2534 3929 2712 3992 vitali

450 4043 795 4108 intentione
872 4048 1224 4131 porrigitur.
1336 4047 1485 4110 Nam
1554 4064 1666 4127 per
1726 4063 1939 4111 omnes
1976 4045 2130 4131 ·eius
2190 4040 2549 4125 particulas⁴
2582 4045 2714 4101 tota

449 4152 633 4216 simul
676 4153 904 4219 adest“.
1012 4199 1015 4201 -
