2950 5147
1111 274 1687 361 —7-.-.

173 478 433 544 naheren
462 476 650 558 mett,
692 474 971 559 mdbtenb
1001 474 1392 559 &ugustittuss
1427 474 1693 556 basiate
1734 492 1868 559 gum
1896 475 2092 560 gmect
2131 480 2236 546 δεὸ
2265 479 2616 547 OEtfennenss

174 588 236 654 in
300 589 414 653 δαῶ
482 587 724 669 &nnete
792 588 890 652 bet
957 585 1142 652 &cele
1205 586 1447 667 reticet.
1560 585 1949 667 &nauffinna
2016 586 2180 668 §cibit
2246 588 2447 670 ipticbt
2509 590 2617 656 ben

173 696 566 778 ffilutonitern
624 697 830 778 gcmbe
881 697 1185 778 bessmegen
1243 695 1337 762 eiu
1397 696 1739 776 δεῖοηδετεδ
1786 696 1924 778 ssob,
1983 697 2120 765 mcii
2177 699 2251 779 ste
2294 699 2616 783 bassienige,

169 813 303 875 mee
363 807 472 873 mit
531 808 657 874 δειπ
718 805 917 888 Θείἱίε
977 804 1201 873 etblicrt
1255 807 1461 886 werbe,
1530 819 1648 872 δοιι
1705 805 2084 888 δειηίεηίςςειι,
2152 813 2283 874 mee
2346 808 2452 875 mit
2508 812 2614 876 beu

172 917 427 984 &tmen
471 916 666 996 etfasst
707 919 915 998 werbe,
975 932 1169 998 genua
1211 913 1637 997 unteridyieben
1696 920 1816 982 unb
1863 917 2163 998 benielben
2211 919 2382 992 &ott
2442 921 2613 999 bute)

167 1028 413 1109 meuben
454 1027 630 1094 emes
673 1028 999 1108 gemerem,
1046 1027 1187 1104 aud)
1230 1029 1342 1091 δαῶ
1388 1024 1542 1106 ssicbt
1584 1028 1683 1092 bet
1727 1025 1959 1109 &cister
2002 1045 2109 1110 gut
2142 1027 2474 1109 ffieteituug
2518 1031 2615 1095 bet

167 1134 477 1219 Renutniss
507 1150 625 1203 non
655 1136 852 1204 Quem
885 1136 1003 1216 lein
1035 1136 1228 1218 [leben
1256 1134 1339 1219 ¹).
1403 1136 1500 1218 ge
1538 1154 1617 1203 cut
1647 1135 1809 1218 jener
1839 1136 2056 1216 &tella
2099 1151 2191 1204 mo
2226 1138 2617 1220 ‘augustiana

169 1244 232 1311 in
276 1249 389 1312 δαό
435 1246 838 1329 metftdnbuiss
883 1248 1091 1329 δεῆεη,
1148 1250 1282 1314 moe
1329 1246 1561 1326 ‘Biston
1605 1246 1803 1329 &been
1847 1251 2054 1327 neunt,
2114 1247 2428 1328 ciuitatum
2468 1248 2613 1327 mill,

172 1354 425 1422 nermebt
469 1374 530 1422 et
573 1357 684 1422 bctss
716 1356 1088 1437 &Blatouifcbe
1130 1357 1187 1437 fo
1231 1355 1405 1438 innig
1449 1355 1561 1422 mit
1606 1355 1789 1436 {einer
1834 1355 2070 1438 eigeiteu
2103 1357 2459 1438 SDenlmeiie,
2503 1358 2614 1435 bob

172 1465 655 1548 &agustinifcbess
701 1468 822 1533 ιιιιδ
858 1465 1269 1546 ἱβῐαΐοηίἱώεό
1313 1482 1460 1548 gang
1503 1464 1571 1531 in
1617 1465 1896 1532 eiuaubet
1925 1466 2334 1550 uufgegeugeu
2379 1485 2450 1550 5¹1
2497 1468 2612 1544 lein

172 1575 425 1654 §fficium
448 1573 534 1658 ²).

171 1797 220 1848 p.
254 1780 351 1834 517
386 1781 447 1845 Β,
494 1781 597 1834 al..
619 1820 632 1834 .
667 1780 912 1836 Historia
944 1781 1312 1851 philosophiae
1341 1780 1572 1836 Graecae
1598 1783 1655 1835 et
1677 1780 1945 1836 Romanae
1972 1797 2034 1835 ex
2059 1781 2291 1836 fontium
2327 1783 2457 1838 locis
2494 1800 2615 1839 con-

169 1867 335 1928 texta,
371 1867 516 1919 auct.
552 1863 621 1917 H.
656 1865 838 1918 Ritter
871 1869 927 1919 et
962 1865 1024 1918 L.
1060 1865 1280 1920 Preller.
1319 1864 1464 1930 1857,
1502 1864 1669 1918 editio
1705 1882 1807 1919 sec.
1838 1882 1961 1933 pag.
1996 1865 2110 1919 233.

380 1948 423 2015 ¹)
457 1949 538 2002 De
574 1948 721 2002 civit.
756 1949 859 2002 Dei
893 1949 987 2004 lib.
1026 1949 1187 2013 VIII,
1225 1965 1339 2017 cap.
1374 1949 1419 2002 7.
1447 1988 1493 2002 ..

371 2033 420 2100 ²)
454 2032 653 2087 Ideas
688 2034 849 2088 Plato
886 2034 1088 2102 primus
1125 2033 1420 2102 appellasse
1457 2033 1802 2101 perhibeturz
1839 2049 1944 2086 non
1979 2036 2162 2087 tamen
2198 2034 2245 2087 si
2279 2034 2380 2089 hoc
2409 2052 2617 2102 nomen,

168 2119 295 2170 ante
330 2133 496 2184 quam
528 2118 644 2187 ipse
679 2119 1008 2182 institueret,
1042 2135 1149 2172 non
1189 2122 1322 2183 erat,
1371 2118 1493 2172 ideo
1528 2119 1613 2173 vel
1648 2135 1730 2172 res
1768 2119 1917 2187 ipsae
1950 2134 2057 2172 non
2092 2122 2259 2184 erant,
2305 2137 2439 2188 quas
2470 2121 2617 2177 ideas

166 2202 398 2267 vocavit,
445 2203 530 2258 vel
580 2220 612 2258 a
642 2203 792 2258 nullo
825 2208 985 2259 erant
1016 2203 1356 2258 intellectae:
1405 2204 1500 2258 sed
1536 2204 1642 2258 alio
1676 2204 1908 2258 fortasse
1941 2207 2108 2272 atque
2147 2205 2254 2258 alio
2288 2205 2501 2261 nomine
2547 2208 2616 2261 ab

166 2287 288 2339 aliis
322 2290 488 2355 atque
522 2288 643 2341 aliis
677 2291 1019 2357 nuncupatae
1053 2291 1183 2342 sunt
1215 2290 1318 2342 etc.
1360 2329 1373 2342 .
1409 2327 1422 2342 .
1470 2287 1577 2342 Sed
1633 2287 1700 2341 de
1733 2288 1948 2341 nomine
1980 2288 2241 2342 hactenus
2274 2289 2479 2343 dictum
2511 2291 2616 2344 sit:

164 2388 275 2424 rem
300 2371 591 2438 videamus,
626 2389 761 2441 quae
792 2373 1019 2427 maxime
1044 2372 1431 2427 consideranda
1462 2374 1629 2441 atque
1662 2371 1932 2426 noscenda
1964 2375 2066 2437 est,
2099 2374 2156 2426 in
2191 2376 2463 2442 potestate
2495 2392 2616 2429 con·-

165 2457 382 2511 stitutis
416 2457 708 2522 vocabulis,
758 2460 824 2511 ut
860 2457 1002 2526 quod
1048 2458 1195 2513 volet
1243 2459 1486 2526 quisque,
1535 2458 1771 2525 appellet
1814 2473 1924 2511 rem
1969 2473 2128 2525 quam
2173 2459 2502 2526 cognoverit.
2550 2490 2615 2499 —

167 2541 324 2595 Ideas
356 2540 534 2610 igitur
557 2541 754 2596 Latine
778 2557 1056 2611 possumus
1092 2541 1178 2596 vel
1210 2541 1407 2597 formas
1441 2541 1530 2596 vel
1564 2541 1766 2611 species
1791 2540 1981 2607 dicere,
2019 2544 2083 2596 ut
2106 2541 2326 2597 verbum
2362 2547 2420 2599 et
2453 2546 2614 2600 verbo

165 2626 457 2680 transferre
490 2626 787 2680 videamur.
857 2627 916 2680 Si
950 2629 1132 2680 autem
1166 2626 1402 2680 rationes
1436 2641 1528 2679 eas
1562 2640 1828 2690 vocemus,
1866 2625 1935 2680 ab
1971 2625 2364 2694 interpretandi
2399 2629 2614 2696 quidem

164 2711 494 2780 proprietate
527 2710 882 2776 discedimus;
916 2712 1153 2765 rationes
1185 2711 1329 2765 enim
1364 2710 1563 2765 Graece
1589 2707 1740 2775 λόγοι
1775 2710 2133 2778 appellantur,
2169 2727 2277 2765 non
2312 2711 2488 2766 ideae:
2519 2714 2613 2767 sed

162 2798 345 2849 tamen
380 2796 626 2864 quisquis
660 2797 761 2851 hoc
796 2797 1056 2853 vocabulo
1091 2797 1176 2850 uti
1209 2796 1455 2860 voluerit,
1492 2812 1526 2848 a
1557 2812 1613 2848 re
1649 2795 1767 2863 ipsa
1802 2810 1910 2848 non
1944 2795 2232 2849 aberrabit.
2292 2796 2432 2851 Sunt
2464 2814 2612 2852 nam-

164 2897 266 2949 que
299 2881 451 2935 ideae
485 2882 805 2951 principales
856 2883 1056 2936 formae
1093 2881 1370 2951 quaedam,
1417 2880 1503 2935 vel
1546 2880 1782 2934 rationes
1829 2894 2006 2933 rerum
2050 2880 2274 2935 stabiles
2308 2883 2472 2948 atque
2514 2882 2612 2934 im-

165 2965 471 3031 mutabiles,
508 2982 644 3034 quae
679 2966 827 3034 ipsae
850 2966 1111 3020 formatae
1145 2983 1251 3020 non
1286 2968 1432 3032 sunt,
1471 2981 1533 3018 ac
1567 2980 1661 3033 per
1694 2965 1794 3018 hoc
1828 2966 2076 3018 aeternae
2112 2980 2173 3019 ac
2195 2981 2404 3033 semper
2425 2966 2609 3019 eodem

162 3050 320 3104 modo
353 3067 467 3105 sese
513 3051 791 3115 habenteS,
841 3067 977 3119 quae
1023 3052 1080 3104 in
1125 3051 1311 3105 divina
1354 3049 1724 3116 intelligentia
1767 3049 2130 3104 continentur.
2200 3050 2275 3103 Et
2310 3067 2428 3104 cum
2462 3051 2609 3119 ipsae

162 3151 334 3203 neque
377 3136 638 3199 oriantur,
684 3152 857 3205 neque
899 3137 1199 3200 intereant3
1253 3135 1544 3190 secundum
1588 3150 1677 3188 eas
1720 3138 1901 3188 tamen
1948 3134 2168 3188 formari
2212 3134 2413 3189 dicitur
2455 3152 2610 3190 omne

162 3219 303 3285 quod
353 3219 482 3273 oriri
532 3222 589 3273 et
633 3219 855 3274 interire
898 3222 1097 3288 potest,
1146 3223 1204 3273 et
1246 3235 1402 3274 omne
1446 3218 1589 3287 quod
1634 3218 1805 3272 oritur
1849 3220 1907 3271 et
1956 3218 2165 3272 interit.
2245 3219 2443 3273 Anima
2486 3235 2609 3273 vero

162 3307 396 3371 negatur
430 3320 520 3359 eas
555 3304 756 3360 intueri
791 3320 959 3374 posse,
993 3305 1100 3358 nisi
1135 3304 1432 3369 rationalis,
1468 3320 1532 3359 ea
1563 3304 1647 3357 sui
1683 3306 1836 3372 parte
1871 3318 1979 3371 qua
2002 3304 2230 3368 excellit,
2265 3303 2323 3357 id
2359 3305 2458 3369 est,
2493 3304 2611 3373 ipsa

162 3390 342 3440 mente
377 3390 540 3456 atque
575 3389 799 3455 ratione,
852 3389 1008 3458 quasi
1043 3388 1275 3458 quadam
1309 3388 1446 3443 facie
1481 3389 1565 3442 vel
1599 3388 1750 3443 oculo
1787 3404 1881 3442 suo
1913 3388 2165 3442 interiore
2211 3392 2374 3457 atque
2409 3388 2609 3443 intelli-

165 3471 343 3536 gibili.
412 3473 486 3526 Et
521 3488 584 3526 ea
618 3473 835 3540 quidem
870 3473 989 3542 ipsa
1021 3471 1299 3526 retionalis
1335 3472 1514 3526 anima
1556 3488 1663 3526 non
1704 3469 1969 3526 omnis'et
2004 3473 2295 3540 quaelibet,
2342 3473 2435 3527 sed
2472 3490 2607 3542 quae

161 3558 352 3610 sancta
385 3559 443 3609 et
476 3573 611 3625 pura
642 3557 823 3622 fuerit,
858 3557 988 3611 haec
1023 3557 1285 3612 asseritur
1316 3557 1399 3611 illi
1432 3558 1630 3611 visioni
1675 3574 1789 3611 esse
1815 3557 2034 3612 ideona:
2070 3558 2126 3612 id
2151 3561 2250 3622 est,
2285 3574 2422 3627 quae
2453 3559 2607 3611 illum

161 3639 338 3708 ipsum
373 3641 602 3705 oculum,
637 3657 741 3709 quo
777 3640 1031 3695 videntur
1065 3641 1189 3705 ista,
1225 3656 1414 3696 sanum
1448 3645 1507 3696 et
1532 3642 1796 3695 sincerum
1830 3645 1885 3696 et
1918 3658 2160 3697 serenum
2183 3646 2240 3697 et
2263 3643 2491 3696 similem
2522 3643 2607 3695 his

158 3725 333 3789 rebus,
354 3740 487 3793 quas
503 3725 681 3779 videre
698 3725 955 3790 intendit,
973 3726 1244 3781 habuerit.
1279 3726 1412 3794 Quis
1428 3730 1610 3781 autem
1630 3727 1916 3795 religiosus
1937 3731 1994 3781 et
2011 3743 2137 3783 vera
2154 3728 2414 3796 religione
2432 3728 2604 3781 imbu-

158 3810 265 3874 tus,
300 3810 544 3878 quamvis
578 3810 816 3864 nondum
838 3812 1010 3880 possit
1038 3812 1177 3870 haee,
1192 3812 1412 3878 intueri,
1448 3829 1646 3880 negare
1667 3815 1850 3866 tamen
1874 3812 2087 3878 audeat,
2124 3812 2285 3865 immo
2309 3828 2415 3866 non
2440 3812 2604 3866 etiam

160 3894 492 3963 profiteatur,
527 3896 707 3949 omnia
742 3912 877 3964 quae
911 3900 1056 3962 sunt,
1090 3897 1146 3951 id
1181 3899 1282 3962 est,
1318 3913 1668 3966 quaecunque
1704 3897 1760 3950 in
1796 3913 1891 3951 suo
1916 3913 2109 3965 genere
2134 3897 2348 3965 propria
2374 3897 2603 3964 quadam

160 3979 358 4033 natura
371 3981 735 4046 continentur,
763 3984 827 4035 ut
851 3983 980 4047 sint,
1011 3983 1124 4036 Deo
1147 3985 1362 4037 auctore
1381 3998 1497 4037 esse
1521 3984 1815 4050 procreata,
1839 3998 2005 4050 eoque
2029 3985 2245 4036 auctore
2269 3982 2450 4035 omnia
2470 3998 2605 4049 quae

161 4063 355 4118 vivunt
386 4065 579 4130 vivere,
614 4069 779 4134 atque
812 4065 1170 4120 universalem
1204 4082 1381 4121 rerum
1415 4065 1858 4130 incolumitatem,
1908 4065 2254 4133 ordinemque
2288 4066 2464 4134 ipsum
2498 4083 2604 4134 quo

159 4161 222 4199 ea
254 4164 391 4215 quae
424 4151 722 4213 mutantur,
771 4166 894 4202 suos
927 4150 1252 4219 temporales
1288 4165 1472 4205 cursus
1508 4151 1652 4203 certo
1687 4149 2048 4203 moderamine
2084 4149 2375 4212 celebrant,
2412 4150 2606 4203 summi

158 4231 260 4284 Dei
292 4231 507 4299 legibus
544 4234 808 4286 contineri
842 4235 899 4287 et
925 4233 1254 4302 gubernari?
1301 4233 1418 4299 Quo
1445 4232 1747 4286 constituto
1771 4235 1937 4301 atque
1961 4249 2223 4298 concesso,
2260 4234 2381 4302 quis
2406 4234 2604 4288 audeat

156 4315 332 4370 dicere
356 4317 529 4370 Deum
562 4318 1015 4373 irrationabiliter
1047 4320 1229 4373 omnia
1252 4318 1571 4373 condidisse.
1635 4318 1788 4384 Quod
1823 4319 2035 4373 sirecte
2069 4318 2179 4373 dici
2214 4320 2297 4372 vel
2331 4319 2473 4373 credi
2496 4336 2602 4374 non

158 4402 356 4466 potest,
400 4402 576 4453 restat
618 4404 681 4453 ut
716 4402 897 4455 omnia
929 4403 1138 4456 ratione
1185 4403 1299 4456 sint
1333 4402 1566 4456 condita.
1639 4403 1752 4456 Nec
1794 4402 1978 4457 eadem
2023 4403 2231 4457 ratione
2277 4404 2449 4466 homo,
2496 4420 2604 4471 qua

157 4499 352 4551 equus:
387 4484 489 4538 hoc
523 4486 663 4538 enim
698 4485 990 4540 absurdum
1024 4490 1110 4541 est
1144 4487 1464 4541 existimare.
1527 4487 1757 4556 Singula
1792 4487 1966 4556 igitur
2001 4488 2229 4557 propriis
2265 4491 2393 4542 sunt
2427 4492 2607 4542 creata

154 4567 483 4624 rationibus.
554 4568 666 4623 Has
709 4572 890 4624 autem
939 4570 1173 4626 rationes
1209 4570 1306 4626 ubi
1337 4571 1711 4630 arbitrandum
1747 4576 1831 4627 est
1864 4589 1993 4638 esse,
2035 4572 2142 4626 nisi
2186 4573 2243 4626 in
2279 4573 2396 4643 ipsa
2418 4576 2606 4630 „mente
