2950 5147
959 1080 1808 1169 Praefatio.

437 1330 701 1408 Sanctus
733 1342 1138 1424 philosophus
1170 1346 1583 1426 Hipponensis
1609 1365 1788 1428 quam
1814 1350 2127 1432 egregiam
2152 1330 2515 1418 consumsea

254 1454 344 1515 rit
403 1470 654 1531 operam
715 1454 778 1514 in
840 1471 945 1515 eas
1012 1456 1443 1533 quaestiones,
1507 1473 1661 1535 quae
1732 1456 1877 1518 inde
1934 1457 2024 1518 ab,
2071 1461 2509 1541 antiquissimis

255 1563 632 1639 temporibus
713 1561 787 1623 ad
861 1568 1134 1624 nostram
1205 1568 1432 1642 usque'
1469 1567 1729 1627 aetatem
1798 1578 2174 1628 summorum
2236 1570 2509 1632 virorum

249 1676 674 1731 exercuerunt
724 1671 1012 1750 ingenia,
1060 1676 1286 1751 quanto
1348 1672 1626 1752 repletus
1684 1671 1870 1734 suerit
1928 1674 2155 1736 ardore
2207 1679 2342 1738 veri
2401 1679 2507 1742 in..

242 1780 574 1856 veniendi,
639 1779 732 1841 sui
792 1772 982 1858 ipsius
1045 1760 1387 1859 atqueDei
1447 1781 2253 1863 cognoscendi9quantum
2313 1791 2504 1864 prae*

240 1892 753 1949 terea'versatus
798 1889 880 1949 sit
924 1891 984 1948 in
1032 1891 1108 1950 iis
1150 1888 1564 1969 perficiendis,
1611 1907 1769 1968 quae
1816 1909 1850 1951 a
1898 1891 2230 1953 Platonicis
2275 1893 2501 1958 tradita

191 1990 195 1995 ’
239 1985 463 2072 erant,
511 2012 686 2076 quam
747 1997 1462 2077 denique'impatienter
1523 1995 2007 2074 desideraverit,
2053 2014 2181 2061 non
2236 2002 2499 2065 credere

233 2111 513 2182 tantum,
575 2104 686 2166 sed
750 2123 1118 2168 consensum
1176 2105 1320 2166 fidei
1379 2113 1441 2167 et
1500 2107 1948 2189 intelligentiae
2013 2110 2499 2190 apprehendere,

239 2233 630 2305 quamquamv
677 2216 828 2277 satis
894 2220 1172 2293 constat,
1218 2221 1422 2275 tamen
1454 2215 1595 2276 ‘non
1644 2233 1723 2277 ex
1784 2217 1948 2276 omni
1991 2224 2169 2296 parte
2224 2193 2501 2298 imper-s

235 2330 522 2403 spectum
607 2330 733 2402 est,
824 2330 890 2385 ut
926 2323 1096 2384 >nihil
1155 2321 1416 2385 *dubium
1492 2325 1967 2406 ambiguumque
2039 2332 2254 2388 restet.
2366 2327 2499 2389 Huc

231 2416 578 2514 praecipue
624 2433 781 2495 ratio
827 2431 1160 2493 referenda
1207 2440 1320 2508 est,
1368 2450 1544 2511 quam
1583 2435 1748 2494 inter
1794 2434 1992 2512 ipsum
2041 2441 2225 2512 atque
2266 2434 2489 2497 carte-2

231 2545 402 2605 sium
446 2541 840 2603 intercedere
886 2542 1031 2603 vivo
1069 2541 1186 2603 iam
1220 2541 1502 2602 Cartesio
1543 2547 1751 2620 notum
1794 2548 1946 2605 erat.
2035 2541 2207 2624 Hanc
2254 2543 2496 2622 quidem

228 2653 542 2715 rationem
605 2670 786 2731 quum
847 2651 1192 2712 Cartesiani
1245 2666 1562 2729 exponere
1622 2651 1887 2726 vellent,
1936 2665 2011 2712 eo
2066 2670 2267 2733 usque
2326 2639 2498 2715 nimii

226 2764 511 2835 fuerunt,
573 2767 638 2822 ut
699 2778 772 2821 ea
830 2760 1004 2840 ipsa,
1069 2775 1230 2839 quae
1295 2759 1561 2821 Cartesii
1612 2759 1811 2821 solius
1866 2760 2118 2839 propria
2176 2768 2354 2837 sunt,
2418 2762 2493 2823 ab

225 2872 592 2953 Augustino
659 2870 871 2931 doceri
932 2870 1400 2932 contenderent.
1492 2870 1681 2943 Quem
1741 2884 2019 2929 errorem
2078 2870 2122 2929 ii
2181 2869 2495 2943 viderunt,

228 2983 337 3061 qui
377 2981 499 3043 hoc
546 2960 821 3060 tempore
877 2979 1196 3042 historiam
1242 2978 1668 3057 philosophiae
1710 2981 1991 3039 tractant.
2078 2978 2294 3058 Neque
2332 2996 2489 3041 vero

223 3092 368 3169 plus
414 3090 834 3169 profecerunt.
925 3087 1230 3149 Xaverius
1280 3090 1440 3148 enim
1487 3084 1773 3163 Schmid,
1819 3086 1925 3165 qui
1971 3102 2164 3163 nuper
2204 3086 2282 3147 de
2327 3085 2487 3147 Car-

223 3199 394 3261 tesio
442 3199 694 3276 scripsit
718 3200 788 3275 ¹),
838 3196 1095 3258 Cartesii
1141 3201 1326 3273 atque
1371 3195 1700 3277 Augustini
1752 3211 1980 3256 nexum
2038 3210 2155 3255 nec
2200 3201 2489 3256 accurate

219 3321 344 3367 nec
409 3307 592 3385 plene
646 3306 988 3385 explicavit.
1094 3306 1300 3378 Quare
1357 3302 1973 3383 Reichlin-Meldegg
2032 3303 2095 3362 in
2159 3301 2491 3364 annalibus>

152 3475 155 3476 γ
217 3413 862 3496 Heidelbergensibus
882 3418 955 3494 ²),
1002 3414 1105 3475 ubi
1129 3414 1271 3475 libri
1303 3411 1677 3495 Schmidiani
1710 3426 2035 3473 censuram
2061 3412 2208 3491 agit,
2239 3427 2485 3492 cogna»

216 3528 455 3589 tionem
488 3526 823 3606 Augustini
865 3529 1049 3603 atque
1074 3522 1335 3585 Cartesii
1376 3520 1602 3583 nullam
1647 3537 1789 3582 esse
1835 3526 2050 3582 censet
2095 3520 2191 3580 his
2239 3519 2473 3580 verbisz

360 3674 420 3742 1)
456 3675 628 3726 Xaver
676 3673 876 3727 Schmid
923 3668 1518 3739 aus·Schwarzenherg‚
1554 3660 1612 3722 R.
1642 3668 1910 3722 Descartes
1959 3662 2058 3721 und
2104 3669 2243 3721 seine
2279 3667 2481 3719 Reform

213 3758 310 3812 der
345 3758 687 3826 Philosophie‚
723 3759 1026 3826 Nordlingen
1062 3758 1216 3821 1859,
1253 3766 1368 3824 pag.
1407 3754 1698 3808 137—141.

356 3844 418 3911 2)
453 3845 809 3912 Heidelberger
856 3844 1167 3895 Jahrbiicher
1215 3844 1304 3893 der
1355 3842 1625 3904 Literatur,
1678 3840 1844 3901 1859,
1892 3838 2011 3889 Hert
2057 3833 2107 3901 3,
2160 3844 2210 3903 p.
2259 3836 2375 3887 743.
2414 3864 2483 3873 -

139 3997 141 3999 ³
210 3929 485 3997 (Bouillier
528 3942 689 3982 autem
740 3927 1123 3996 Francogallus‚
1174 3929 1260 3995 qui
1313 3928 1412 3977 duo
1458 3926 1712 3979 volumina
1770 3924 1833 3974 de
1878 3924 2088 3975 historia
2136 3920 2481 3988 philosophiae
2553 3942 2558 3944 Α

211 4016 538 4069 Cartesianae
575 4032 703 4067 anno
744 4015 880 4069 1854
915 4015 1115 4065 Parisiis
1153 4013 1322 4075 edidit,
1361 4014 1521 4063 minus
1559 4026 1705 4079 quam
1740 4008 1944 4063 Schmid
1979 4008 2224 4058 rationem
2258 4012 2475 4056 mutuam

209 4101 342 4152 inter
376 4102 708 4167 Augustinum
745 4109 797 4152 et
831 4100 1106 4153 Cartesium
1142 4096 1388 4165 agnovit).
