2950 5147
322 758 382 837 3.
424 767 458 824 1
480 768 541 824 1.
629 769 901 841 Tempus
964 765 1346 829 historicum
1389 773 1483 828 est
1530 772 1765 843 tempus
1808 748 2106 844 repletum
2141 771 2325 832 rectit

202 879 260 930 et
284 875 605 932 eventibus
651 878 720 948 §.
750 879 814 934 3.
845 876 909 934 5.
991 878 1150 946 Quia
1187 893 1390 951 omne,
1432 878 1592 951 quod
1618 880 1716 953 fit,
1747 880 1814 935 fit
1852 879 1913 935 in
1949 881 2322 956 praesentia,

198 994 398 1053 neque
454 982 515 1038 in
564 986 805 1057 futuro,
861 998 1060 1056 neque
1114 986 1174 1041 in
1242 986 1563 1057 praeterito
1613 987 1680 1041 fit
1723 984 1972 1058 aliquid
2031 1001 2327 1078 unquam

197 1086 582 1146 nihilominus
620 1097 821 1148 autem
857 1092 1132 1147 futurum
1175 1098 1235 1149 et
1271 1092 1665 1164 praeteritum
1693 1095 1989 1162 apparent
2025 1093 2323 1148 factorum

194 1194 255 1246 et
288 1192 621 1249 eventuum
664 1195 872 1264 plena.
908 1199 1141 1265 tempus
1176 1195 1521 1251 historicum
1558 1199 1651 1251 est
1692 1194 2025 1299 commixtio
2072 1200 2134 1253 et
2169 1210 2322 1255 eon-

162 1297 353 1353 fusio
393 1301 775 1369 praesentiae
817 1317 951 1356 cum
994 1303 1312 1373 praeterito
1356 1307 1417 1360 et
1455 1305 1685 1360 futuro.

316 1399 379 1472 3.
415 1405 530 1460 12.
598 1405 870 1476 Tempus
901 1402 1113 1465 vivum
1143 1414 1233 1465 est
1265 1414 1497 1482 tempus
1530 1410 1695 1467 vitae
1724 1408 2054 1466 existentis.
2078 1404 2139 1480 3.
2154 1407 2223 1466 4.
2254 1408 2316 1465 6.

193 1507 354 1576 Quia
379 1524 579 1583 neque
611 1510 670 1566 in
709 1513 936 1582 futuro,
966 1526 1166 1585 neque
1192 1514 1253 1569 in
1278 1515 1604 1585 praeterito
1642 1517 1734 1570 est
1765 1514 2104 1587 existentia,
2125 1512 2319 1572 sedin

194 1614 326 1675 sola
352 1618 712 1689 praesentia,
741 1623 800 1673 et
837 1618 981 1690 quia
1011 1622 1356 1676 futurorum
1384 1620 1612 1677 nullam
1641 1617 1927 1675 habemus
1958 1620 2315 1693 memoriam,

187 1720 298 1777 sed
348 1722 712 1779 solummodo
765 1724 1268 1794 praeteritorum.
1321 1730 1558 1796 tempus
1615 1725 1831 1781 vivum
1889 1729 1981 1780 est
2028 1729 2315 1782 accurata

189 1824 488 1884 distinctio
520 1830 697 1887 trium
738 1832 1020 1904 temporis
1056 1833 1347 1906 partium,
1389 1833 1621 1911 futuri,
1675 1804 1987 1904 praeteriti
2034 1835 2097 1887 et
2132 1845 2318 1904 prae-

185 1932 437 1989 sentiae.

1178 2041 1325 2098 VII.

297 2136 369 2212 3.
418 2141 536 2199 13.
624 2143 896 2215 Tempus
936 2138 1314 2202 historicum
1354 2159 1473 2201 non
1502 2148 1595 2200 est
1625 2146 1860 2215 tempus
1891 2141 2167 2217 simplex,
2201 2142 2314 2202 sed

179 2249 444 2333 tempus,
487 2250 552 2305 in
589 2265 705 2322 quo
751 2251 890 2306 mihi
923 2252 1087 2323 fingo
1124 2253 1448 2322 praeterita
1488 2256 1751 2322 tempora
1800 2253 2085 2323 tanquam
2122 2265 2310 2321 prae-
2427 2276 2432 2283 ·

177 2353 371 2410 sentia
418 2360 528 2412 aut
565 2359 810 2428 futura,
879 2372 1167 2428 praesens
1232 2363 1465 2427 tempus
1525 2360 1805 2429 tanquam
1860 2358 2135 2412 futurum
2198 2360 2307 2413 aut

176 2463 586 2536 praeteritum,
629 2468 690 2520 et
729 2466 940 2525 futura
981 2469 1244 2537 tempora
1281 2469 1563 2537 tanquam
1601 2461 1945 2535 praesentia
1980 2465 2089 2518 aut
2122 2463 2307 2533 prae-

176 2565 371 2623 terita.
417 2566 480 2638 3.
511 2569 576 2625 7.
622 2569 686 2626 9.

287 2669 349 2743 3.
398 2676 513 2733 14.
552 2674 841 2749 Τεηιφιιε
881 2673 1096 2735 vivum
1144 2681 1237 2733 est
1270 2681 1507 2747 tempus
1543 2674 1827 2748 simplex,
1868 2673 1907 2730 i.
1947 2688 2000 2732 e.
2045 2678 2302 2750 tempus,

168 2771 227 2828 in
281 2790 398 2847 quo
468 2792 760 2850 praesens
812 2784 903 2835 est
954 2794 1117 2834 mere
1159 2794 1481 2850 praesenS,
1544 2777 1958 2848 praeteritum,
1998 2781 2091 2833 est
2137 2793 2301 2835 mere

165 2883 560 2949 praeteritum
583 2924 600 2956 ,
640 2887 917 2940 futurum
959 2889 1054 2940 est
1091 2899 1255 2939 mere
1293 2884 1589 2939 futurum.
1644 2877 1707 2948 3.
1745 2879 1859 2937 10.
1909 2880 2022 2936 12.

1146 3001 1322 3058 VIII.

281 3078 504 3174 315.
596 3109 869 3180 Tempus
909 3103 1289 3165 historicum
1340 3109 1409 3162 ut
1453 3103 1727 3161 confusio
1774 3102 1953 3160 trium
2015 3106 2295 3177 temporis

165 3212 526 3281 qualitatum
567 3216 726 3273 inter
754 3230 854 3289 se,
899 3219 992 3272 est
1023 3187 1305 3285 confusa
1334 3205 1640 3281 temporis
1675 3206 1904 3282 imayo.
1946 3206 2006 3280 3.
2033 3210 2067 3267 1
2086 3211 2143 3269 1.
2175 3212 2291 3271 13.

276 3315 339 3386 3.
385 3321 525 3379 16.
578 3323 851 3394 Tempus
892 3318 1143 3394 vicum,
1185 3320 1247 3376 in
1291 3334 1410 3392 quo
1454 3322 1578 3374 tres
1629 3318 1909 3390 temporis
1966 3320 2291 3391 qualitates

161 3419 323 3479 clare
365 3427 524 3486 inter
554 3445 622 3486 se
669 3430 1027 3487 articulatae
1065 3430 1433 3504 cernuntur,
1491 3427 1584 3480 est
1624 3420 1939 3482 distincta
1981 3421 2288 3496 temporis

157 3528 502 3602 perceptio.
544 3529 623 3603 3.
638 3533 911 3591 12.14.
1139 3584 1173 3604 ..

1038 3673 1045 3676 μ
1163 3605 1276 3698 ΪΧ.

271 3737 505 3812 9.17.
590 3748 675 3806 In
728 3755 1014 3819 tempore
1065 3742 1369 3804 leuterico
1416 3743 1711 3816 proportio
1754 3742 1914 3800 inter
1955 3708 2278 3821 praesens,

156 3853 542 3911 Praeteritum
579 3859 641 3911 et
674 3857 951 3912 futurum
981 3858 1074 3911 est
1098 3835 1482 3930 irrationaliS,
1523 3854 1763 3921 propter
1799 3850 2120 3910 relativam
2157 3857 2277 3906 ex-

158 3943 449 4015 istentiam
476 3963 693 4018 harum
727 3961 1013 4033 partium,
1057 3958 1387 4016 secundum
1428 3973 1607 4030 quam
1646 3955 1956 4029 quodlibet
1986 3969 2275 4029 praesens

159 4055 350 4119 Potest
387 4064 571 4123 simul
627 4066 783 4123 sumi
830 4081 935 4138 pro
974 4065 1293 4138 praeterito
1333 4068 1441 4122 aut
1485 4066 1728 4137 futuro,
1785 4067 1846 4119 et
1882 4078 1918 4120 e
1952 4059 2271 4120 contrat-lo.

158 4149 226 4223 9.
258 4159 324 4215 7.

275 4265 484 4329 Schol.
537 4280 633 4334 Ex
663 4278 1119 4336 irrationalitate
1164 4275 1443 4349 temporis
1480 4274 1750 4331 historici
1795 4241 1987 4328 oritur
2021 4267 2272 4369 irratio-3

155 4367 374 4430 nalitus
423 4378 701 4451 cujusvis
761 4385 1027 4443 continui
1081 4389 1276 4441 motus
1321 4387 1383 4440 et
1431 4386 1794 4454 progressus
1849 4376 1913 4432 in
1967 4379 2261 4456 tempore,

1898 4477 1945 4537 2
