2950 5147
1415 426 1835 485 ...10-

570 583 676 647 nbi
724 597 1014 659 praesens
1053 586 1288 654 tempus
1332 579 1687 643 sumendum
1740 583 1854 638 est*
1873 579 1936 637 in
1974 581 2145 637 fluxu
2185 583 2255 636 nt
2294 592 2585 651 praesens
2625 582 2691 636 et

568 692 752 757 simol
800 695 870 750 ut
907 706 1026 748 non
1066 703 1377 762 praeseus.
1458 691 1551 751 De
1593 689 1707 747 hae
1752 702 1820 743 re
1871 686 2071 745 adhue
2110 687 2301 767 intrav
2328 682 2522 759 aptior
2571 685 2691 744 erit

572 798 908 861 disserendi
946 798 1138 857 loeus·
1210 846 1213 851 ,

691 902 756 977 C.
781 905 899 968 18.
936 960 937 963 ,
981 905 1066 961 In
1099 910 1382 974 tempore
1413 896 1556 963 vino
1581 899 1876 974 proportio
1907 899 2064 958 inter
2087 913 2408 971 praesens,
2439 902 2689 970 praete-

571 986 751 1074 ritum
776 1016 838 1075 et
860 1013 1137 1069 futurum
1173 1014 1266 1067 est
1290 1008 1601 1065 rationalis
1629 1012 1866 1079 propter
1892 1006 2221 1076 simplicem
2262 1008 2324 1061 et
2353 1003 2690 1061 absolutam

572 1120 953 1183 existentiam
978 1119 1191 1175 harum
1225 1116 1503 1187 partium,
1526 1113 1858 1171 seeundum
1884 1128 2081 1186 quam,
2123 1111 2282 1185 quod
2302 1111 2693 1183 praeteritum

573 1232 700 1299 est,
740 1239 858 1280 non
890 1222 1015 1293 jam
1050 1226 1171 1294 est,
1216 1223 1276 1277 et
1311 1219 1470 1293 quod
1504 1221 1780 1279 futurum
1810 1221 1931 1286 est,
1978 1216 2241 1279 noudum
2280 1220 2392 1273 est.
2433 1213 2496 1287 5.
2537 1215 2599 1277 8.

1034 1367 1039 1371 ’
1145 1369 1218 1428 Β.
1258 1371 1358 1427 De
1395 1354 1756 1428 existentia
1795 1363 2121 1440 temporie.

1585 1500 1663 1559 Χ.

693 1629 760 1705 9.
805 1632 839 1689 1
855 1631 918 1687 9.
943 1631 1027 1689 In
1064 1637 1348 1700 tempore
1377 1623 1682 1687 historico
1714 1626 1919 1685 existit
1951 1627 2038 1684 nil
2062 1626 2177 1685 nisi
2218 1625 2607 1700 praeteritum
2631 1632 2697 1687 et

571 1739 877 1808 futurum3
912 1735 1150 1792 minime
1184 1737 1385 1797 autem
1410 1732 1780 1807 praesentia,
1821 1746 1978 1806 quae
2015 1736 2111 1789 est
2143 1748 2265 1791 non
2303 1733 2419 1790 nisi
2444 1734 2692 1795 illorum
2770 1747 2774 1749 “

570 1844 862 1902 terminus
901 1856 1211 1914 separans.

728 1949 908 2010 Arist,
948 1947 1116 2017 Phys.
1147 1946 1189 2000 l.
1219 1945 1300 1998 lv
1329 1964 1375 1998 e.
1408 1945 1501 2000 13.
1556 1945 1742 2018 Ipsum
1781 1946 1944 2000 Nune
1984 1945 2214 2000 omnino
2255 1952 2513 2001 terminus
2544 1959 2684 2001 tem-

731 2028 887 2101 poris
908 2041 1018 2096 est3
1045 2039 1129 2079 est
1150 2026 1295 2081 enim
1319 2024 1734 2100 hujusquidem
1754 2028 2123 2100 principium,
2149 2027 2310 2080 illius
2333 2041 2516 2081 autem
2542 2028 2690 2084 finis.

811 2108 942 2160 lbid
978 2128 1028 2163 c.
1065 2104 1157 2163 10.
1204 2105 1391 2177 Ipsum
1438 2106 1601 2161 Nunc
1640 2128 1747 2161 non
1785 2123 1863 2162 est
1914 2128 2044 2178 pars
2092 2112 2360 2179 temporis.
2441 2109 2581 2162 Nam
2636 2121 2694 2162 et

727 2201 1010 2249 mensurat
1044 2205 1201 2260 pars,
1234 2199 1292 2241 et
1337 2189 1599 2259 componi
1636 2202 1859 2260 oportet
1899 2200 2081 2243 totum
2118 2207 2183 2241 ex
2210 2184 2485 2259 partibus.
2527 2187 2731 2242 Tem-'

727 2287 833 2341 pus
865 2283 1049 2324 autem
1086 2287 1201 2325 uon
1233 2270 1593 2338 componitur
1634 2286 1698 2322 ex
1734 2270 1872 2340 ipsis
1908 2268 2087 2324 Nunc.

807 2348 952 2422 Aug.
1002 2350 1167 2404 Conf.
1222 2349 1266 2402 l.
1319 2348 1417 2404 XI.
1477 2371 1527 2405 c.
1572 2349 1668 2405 15.
1722 2349 1980 2405 Praesens
2032 2350 2217 2402 autem
2271 2349 2483 2425 nullum
2529 2347 2690 2407 habet

726 2435 977 2501 spatium.
1269 2462 1273 2467 ’

807 2508 956 2563 Ibid.
999 2531 1045 2563 e.
1097 2508 1190 2565 21
1274 2511 1535 2564 Praesens
1586 2529 1713 2564 vero
1776 2524 1995 2584 tempus
2052 2507 2336 2583 quomodo
2394 2508 2688 2572 metimur,

727 2591 954 2663 quaudo
997 2611 1103 2645 non
1139 2591 1296 2654 habet
1335 2596 1599 2663 spatt‘um.
1594 2592 1619 2627 ³

806 2668 959 2728 Sext.
997 2672 1165 2744 Emp.
1208 2672 1333 2730 adv.
1381 2672 1562 2728 Math.
1610 2672 1884 2727 1.1x.0.
1934 2672 1991 2726 3.
2060 2667 2123 2723 Si
2176 2682 2357 2723 autem
2410 2661 2691 2722 dividitur

725 2769 1014 2821 praesens,
1059 2772 1171 2805 non
1214 2752 1322 2804 erit
1350 2753 1595 2824 amplius
1642 2752 1873 2804 omnino
1912 2768 2199 2842 praesens,
2253 2748 2351 2802 sed
2394 2746 2513 2819 ejus
2565 2748 2695 2823 qui-

728 2832 849 2885 dem
878 2832 1115 2906 aliquid
1148 2838 1527 2905 praeteritum,
1570 2832 1793 2906 aliquid
1826 2851 1954 2886 vero
1976 2819 2254 2903 futurum.

694 2959 760 3032 §-
807 2963 925 3020 20.
1023 2964 1107 3021 In
1159 2971 1443 3036 tempore
1501 2961 1641 3022 vivo
1695 2965 2086 3036 praeteritum
2144 2966 2207 3019 et
2247 2963 2524 3046 futurum
2576 2975 2698 3018 non

571 3063 799 3125 habent
839 3068 1254 3137 existentiam,
1296 3069 1404 3125 sed
1443 3071 1575 3126 sola
1614 3071 1974 3141 praesentia.
2066 3070 2131 3142 S.
2171 3064 2277 3125 12.

729 3170 881 3225 Sext.
918 3173 1080 3245 Emp.
1129 3171 1326 3243 Pyrrh.
1365 3176 1573 3247 Hypot.
1617 3178 1787 3230 l.111.
1825 3197 1876 3233 c.
1924 3179 2008 3231 17.
2050 3177 2417 3232 Praeteritum
2464 3174 2695 3249 quidem

731 3264 788 3306 et
827 3254 1074 3310 futurum
1113 3273 1221 3306 non
1257 3268 1414 3321 sum,-
1454 3275 1584 3308 nam
1616 3261 1663 3308 si
1701 3278 1839 3310 nune
1876 3271 1999 3311 sunt
2044 3258 2409 3330 praeteritum
2444 3267 2501 3309 et
2539 3257 2696 3309 futu·
2758 3289 2765 3297 ι

590 3369 619 3402 ·.
730 3352 852 3391 rum
898 3347 1138 3404 tempus,
1178 3353 1432 3406 praesens
1478 3340 1577 3388 erit
1619 3350 1900 3409 utrumque
1934 3344 2188 3410 ipsorum.

807 3413 957 3472 lbid,
1000 3411 1063 3465 Si
1098 3431 1356 3486 praesens
1398 3426 1615 3487 tempus
1665 3418 1848 3472 dividi
1900 3432 2087 3488 potest
2138 3419 2198 3471 in
2238 3415 2602 3490 praeteritum
2636 3425 2697 3466 et

730 3493 1007 3557 futurum,
1061 3493 1141 3546 ita
1192 3496 1302 3549 erit
1351 3496 1683 3560 inexistens,
1751 3512 1944 3570 utpote
1997 3498 2206 3551 habens
2245 3514 2412 3549 unam
2462 3493 2696 3568 quidem

731 3585 945 3645 partem
986 3574 1070 3627 sui
1115 3594 1223 3627 non
1252 3579 1483 3646 amplius
1516 3577 1876 3640 existentem,
1918 3580 2146 3633 alteram
2186 3569 2699 3632 nondum'existen-

732 3669 864 3718 tem,
945 3652 1008 3708 Si
1055 3667 1138 3709 est
1169 3668 1351 3714 autem
1388 3658 1516 3710 finis
1550 3659 1838 3728 praeteriti
1871 3658 2324 3732 principiumque
2369 3655 2573 3719 futuri,
2616 3651 2700 3707 sic

735 3746 793 3785 et
819 3734 927 3787 erit
954 3747 1011 3791 et
1043 3754 1153 3786 non
1203 3736 1337 3796 erit:
1393 3742 1495 3792 erit
1533 3741 1742 3811 quidem
1782 3754 1839 3793 ut
1868 3759 2147 3813 praesens,
2186 3757 2298 3794 non
2342 3737 2451 3791 erit
2482 3748 2698 3800 autem,

735 3814 867 3887 quia
902 3833 1016 3866 non
1061 3827 1193 3868 sunt
1225 3814 1343 3884 ejus
1375 3814 1574 3886 partes.

813 3892 963 3950 Sext.
1007 3895 1172 3966 Emp.
1208 3895 1335 3949 adv.
1367 3897 1548 3954 Math.
1582 3901 1622 3954 l.
1652 3900 1732 3952 lx
1755 3919 1807 3955 e.
1846 3902 1880 3957 3
1924 3898 2291 3953 Praeteritum
2325 3895 2555 3969 quidem
2593 3914 2711 3948 non

735 3987 841 4044 εει,-
891 3976 1140 4045 futurum
1175 3989 1360 4030 autem
1396 3981 1636 4045 nondum
1671 3993 1774 4033 est.-
1815 3994 1985 4036 restat
2011 3997 2168 4052 ergo,
2210 3992 2274 4032 ut
2304 3978 2380 4031 sit
2408 3994 2516 4031 una
2544 3992 2711 4047 pars,

739 4073 938 4125 nempe
962 4075 1232 4127 praesens.

819 4132 964 4207 Aug.
996 4135 1162 4189 Conf.
1209 4136 1250 4188 1.
1281 4138 1362 4193 XI
1392 4153 1445 4193 c,
1492 4134 1584 4199 14.
1630 4137 1758 4188 Duo
1792 4137 1894 4190 illa
1939 4151 2218 4208 tempora,
2250 4134 2617 4208 praeteritum
2653 4145 2718 4187 et

742 4215 1024 4280 futurum,
1062 4207 1344 4288 quomodo
1392 4229 1545 4280 sunt,
1579 4216 1802 4291 quaudo
1832 4230 1888 4270 et
1924 4218 2285 4289 praeteritum
2310 4218 2436 4291 jam
2472 4234 2582 4269 non
2604 4226 2714 4279 est,

745 4304 803 4350 ct
839 4296 1091 4366 futurum
1134 4298 1370 4360 nondum
1400 4310 1506 4353 est.
1495 4298 1525 4330 ²

2859 5023 2929 5113 ιΙ
