2950 5147
741 634 1627 766 Praefati
1873 714 1986 779 „a

187 921 431 1072 Quae
471 999 874 1089 jampridem
909 999 1045 1067 alio
1090 1001 1237 1067 loco
1272 1003 1337 1085 ¹)
1384 1001 1742 1091 indigitavi
1776 1001 1863 1068 de
1899 1001 2136 1069 melius
2175 1017 2306 1066 ex-

186 1098 501 1184 plicanda
555 1101 878 1185 temporis
931 1100 1233 1181 notione,
1319 1101 1389 1165 in
1434 1100 1563 1167 boc
1616 1106 1901 1168 tractatu
1959 1103 2307 1185 praestare

183 1195 431 1268 studui.
512 1198 647 1263 Per
694 1198 984 1278 majores
1035 1197 1301 1286 logicos
1345 1206 1707 1284 apparatus
1753 1199 2014 1264 interea
2062 1195 2310 1261 certior

181 1292 401 1360 adhuc
450 1293 610 1359 mihi
644 1294 828 1357 facta
862 1296 972 1358 est
1009 1295 1382 1378 sententia,
1425 1313 1618 1380 quam
1657 1295 1796 1361 illic
1824 1296 1964 1378 jam
2013 1308 2309 1378 pronun-

180 1390 381 1471 tiavi,
453 1400 523 1454 et
579 1391 774 1472 cujus
821 1385 1292 1455 demonstratio
1336 1397 1443 1455 est
1486 1391 1637 1456 finis
1690 1391 1889 1475 huJus
1948 1394 2306 1455 tractatus:

177 1488 251 1553 in
292 1487 637 1553 schemate
666 1486 984 1571 temporis
1021 1488 1350 1553 contineri
1381 1488 1727 1554 formulam
1760 1491 1907 1572 ejus
1939 1486 2306 1568 relationis,

182 1602 359 1671 quae
403 1584 633 1650 existit
679 1585 852 1650 inter
912 1583 1330 1671 phantasiam
1368 1583 1823 1671 productivam
1874 1584 2157 1667 subjecti
2198 1584 2311 1648 in·-

112 1683 113 1686 ’
180 1680 559 1769 telligentis
633 1687 701 1746 et
755 1681 937 1747 entia
999 1682 1216 1748 realia
1267 1699 1392 1768 per
1432 1699 1548 1766 se,
1626 1698 1798 1768 quae
1847 1681 2310 1768 intelliguntur

179 1778 268 1845 ab
307 1779 423 1844 illo
452 1781 536 1858 ²).
1224 1830 1231 1838 .

243 1887 247 1891 ’
338 1875 556 1943 Nemo
584 1877 762 1942 inter
777 1893 1010 1944 omnes
1030 1876 1464 1963 philosophos
1494 1878 1561 1942 in
1584 1876 1714 1942 hac
1739 1893 1815 1941 re
1839 1875 1928 1940 ad
1960 1873 2311 1940 veritatem

176 1975 313 2038 tam
359 1991 572 2059 prope
634 1976 966 2055 accessit,
1054 1993 1248 2061 quam
1298 1974 1535 2040 Aurei.
1580 1974 2047 2062 Augustinus,
2116 1971 2310 2052 cujus

175 2086 421 2136 nomen
461 2069 615 2134 ideo
660 2069 814 2136 huic
855 2072 1167 2137 tractatui
1215 2071 1564 2157 inscripsi,
1607 2076 1675 2136 et
1722 2069 1829 2137 cui
1878 2069 2073 2151 hujus
2112 2067 2312 2133 theo·

174 2173 321 2232 riae
377 2166 829 2233 inventionem
878 2168 1164 2234 libenter
1215 2169 1543 2251 attribuo,
1610 2169 1766 2255 quia
1807 2165 1893 2233 ad
1929 2167 2055 2233 hoc
2102 2169 2308 2231 totum

174 2268 486 2348 systema
522 2264 726 2330 facile
755 2267 1226 2351 pervenisset,
1271 2268 1333 2332 si
1365 2285 1529 2332 suas
1567 2267 1654 2331 de
1693 2273 1989 2351 tempore
2024 2260 2310 2330 medita·-

175 2361 401 2427 tiones
447 2363 517 2427 in
561 2382 759 2427 unum
796 2364 1230 2451 collegisset,
1271 2382 1521 2451 eaque,
1580 2380 1752 2450 quae
1795 2380 1881 2428 ex
1929 2362 2017 2428 iis
2062 2376 2310 2427 conse-
2419 2364 2422 2369 '

180 2461 509 2543 qunntur,
533 2456 905 2523 ‘corollaria
936 2459 1302 2547 diligenter
1331 2460 1709 2526 elicuisset.

158 2560 163 2569 '
336 2555 706 2624 Elucescat
741 2558 944 2623 velim
981 2557 1104 2624 hoc
1132 2562 1415 2625 tractatu
1451 2562 1526 2624 ut
1540 2576 1751 2645 parvo
1779 2556 2110 2643 exemplo,
2140 2571 2312 2641 quo-

175 2652 372 2720 modo
401 2655 469 2720 in
499 2656 983 2743 metaphysicis
1019 2675 1136 2738 ea,
1181 2676 1353 2743 quae
1386 2656 1683 2723 diversis
1713 2657 1908 2721 aevis
1943 2662 2015 2720 et
2050 2651 2311 2719 metho-

173 2748 283 2817 dis
334 2768 378 2817 a
423 2751 721 2819 diversis
760 2753 1179 2839 philosophis
1228 2756 1568 2821 elaborata
1598 2760 1784 2836 sunt,
1836 2752 2073 2820 sedulo
2113 2749 2311 2814 adhi-

175 2845 324 2910 beri
363 2849 629 2931 possint
685 2849 770 2912 ad
819 2850 1321 2933 metaphysicas
1374 2851 1809 2936 quaestiones
1853 2850 2080 2912 ultimo
2125 2844 2311 2911 veri-

176 2944 348 3009 tatIs
382 2943 641 3026 judicio
688 2946 1342 3033 appropinquandas.
1426 2946 1509 3012 Si
1561 2945 1685 3011 hoc
1727 2944 1924 3012 modo,
1966 2943 2311 3030 gravissi·-

170 3058 331 3106 mae
391 3059 703 3127 quaeque
751 3045 1060 3110 notiones
1109 3042 1613 3129 metaphysicae
1665 3060 1788 3127 per
1843 3059 2073 3106 omnes
2120 3040 2307 3126 prius

170 3140 515 3207 adhibitas
550 3142 1061 3230 philosophandi
1087 3144 1437 3210 methodos
1478 3141 2310 3228 perducerentur,‚appro-

170 3239 682 3325 pinquaremuS,
725 3242 856 3306 nisi
884 3241 1186 3322 faciliuS,
1230 3246 1447 3306 tamen
1475 3245 1660 3305 certe
1687 3240 1993 3305 securius
2016 3238 2101 3305 ad
2118 3241 2307 3323 juste

171 3334 644 3403 elaborandam
689 3339 1037 3404 scientiam
1079 3338 1607 3423 metaphysicam
1641 3354 1809 3402 vere
1853 3337 2171 3401 criticam.

334 3431 575 3518 Itaque
621 3434 944 3501 theoriam
998 3438 1315 3521 temporis
1370 3437 1466 3500 ita
1522 3436 1868 3500 elaborare
1920 3432 2177 3517 studui,
2233 3438 2307 3498 ut

168 3521 242 3592 in
286 3532 529 3614 quovis
562 3534 711 3615 ejus
767 3532 914 3598 loco
952 3534 1401 3621 intelligatur,
1473 3551 1518 3597 a
1579 3549 1859 3617 quonam
1908 3529 2303 3616 philosopho

168 3626 419 3708 prioris
475 3628 633 3692 aevi
669 3630 811 3713 jam
874 3631 1062 3715 prius
1107 3629 1267 3696 data
1310 3632 1402 3695 sit
1440 3631 1676 3695 notitia
1729 3629 1953 3715 aliqua
2001 3629 2182 3695 utilis
2218 3627 2305 3693 ad

340 3829 393 3892 ⁴1)
436 3826 500 3879 In
545 3828 698 3880 libro
747 3828 1046 3899 inscripto:
1127 3829 1233 3883 Die
1272 3830 1497 3884 Liicken
1546 3831 1645 3884 des
1681 3829 2023 3902 Hegelschcn
2056 3828 2304 3901 Systems

177 3903 280 3956 der
300 3905 692 3980 Philosophie.
738 3939 741 3944 ·
774 3909 1114 3981 Heidelberg
1143 3910 1257 3963 und
1288 3911 1529 3984 Leipzig.
1572 3911 1663 3965 Bei
1696 3913 1829 3964 Karl
1873 3911 2067 3966 Groos·
2123 3910 2299 3962 1832.

340 4001 403 4073 2)
443 4004 504 4057 L.
546 4025 599 4062 c.
643 4005 741 4077 Pg.
784 4006 887 4058 38:
969 4006 1179 4059 Daraus
1222 4009 1392 4079 folgt,
1462 4008 1587 4061 dass
1626 4007 1701 4060 im
1757 4005 1991 4061 Schema
2037 4006 2137 4059 der
2176 4004 2302 4056 Zeit

159 4080 468 4138 -enthalten
506 4086 691 4158 liegen
737 4104 884 4138 muss
928 4085 1020 4139 die
1061 4087 1275 4144 Formel
1309 4091 1401 4142 fnr
1438 4087 1536 4141 das
1574 4088 1958 4148 Verh‘eiltnisS‚
2012 4085 2183 4138 worin
2219 4082 2297 4136 im

176 4161 597 4216 mensclilicben
626 4166 998 4238 Bewusstseyn
1041 4166 1132 4220 die
1149 4168 1477 4239 productive
1514 4167 1808 4220 Phantasic
1838 4166 1935 4219 des
1973 4163 2299 4234 intelligen-

176 4255 273 4294 ten
302 4238 561 4311 Subjects
590 4265 682 4298 zur
727 4248 1036 4320 gegebenen
1087 4248 1333 4301 Realitzit
1362 4248 1461 4302 der
1506 4247 1919 4301 individuellen
1959 4241 2191 4313 Objecte
2236 4244 2296 4298 in

180 4321 279 4374 dcr
305 4320 779 4398 Wahrnehmung
817 4327 978 4382 steht.
1075 4328 1159 4384 Cf.
1203 4326 1245 4394 §-
1293 4328 1383 4390 84.
1485 4326 1657 4380 Schol.
1716 4331 1764 4378 3.
1811 4324 1974 4393 hujus
2017 4335 2296 4378 tractatus.
2405 4393 2409 4398 ῃ
