<?xml version="1.0" encoding="UTF-8"?>
<!DOCTYPE html PUBLIC "-//W3C//DTD XHTML 1.0 Transitional//EN"
    "http://www.w3.org/TR/xhtml1/DTD/xhtml1-transitional.dtd">
<html xmlns="http://www.w3.org/1999/xhtml" xml:lang="en" lang="en">
 <head>
  <title>
</title>
<meta http-equiv="Content-Type" content="text/html;charset=utf-8" />
  <meta name='ocr-system' content='tesseract 3.04.00' />
  <meta name='ocr-capabilities' content='ocr_page ocr_carea ocr_par ocr_line ocrx_word'/>
</head>
<body>
  <div class='ocr_page' id='page_1' title='image "aureliiaugustin00fortgoog_0056.png"; bbox 0 0 2950 5147; ppageno 0'>
   <div class='ocr_carea' id='block_1_1' title="bbox 1477 438 1889 499">
    <p class='ocr_par' dir='ltr' id='par_1_1' title="bbox 1477 438 1889 499">
     <span class='ocr_line' id='line_1_1' title="bbox 1477 438 1889 499; baseline -0.002 -14"><span class='ocrx_word' id='word_1_1' title='bbox 1477 438 1889 499; x_wconf 72' lang='lat'><strong>...46-</strong></span> 
     </span>
    </p>
   </div>
   <div class='ocr_carea' id='block_1_2' title="bbox 1101 603 2273 776">
    <p class='ocr_par' dir='ltr' id='par_1_2' title="bbox 1101 603 2273 776">
     <span class='ocr_line' id='line_1_2' title="bbox 1662 603 1713 659; baseline -0.02 0"><span class='ocrx_word' id='word_1_2' title='bbox 1662 603 1713 659; x_wconf 91' lang='lat'><strong>1.</strong></span> 
     </span>
     <span class='ocr_line' id='line_1_3' title="bbox 1101 698 2273 776; baseline -0.004 -14"><span class='ocrx_word' id='word_1_3' title='bbox 1101 705 1371 776; x_wconf 72' lang='lat' dir='ltr'><strong>Tempus</strong></span> <span class='ocrx_word' id='word_1_4' title='bbox 1411 699 1791 763; x_wconf 77' lang='lat' dir='ltr'><strong>historicum</strong></span> <span class='ocrx_word' id='word_1_5' title='bbox 1832 711 1929 761; x_wconf 73' lang='lat' dir='ltr'><strong>eet</strong></span> <span class='ocrx_word' id='word_1_6' title='bbox 1985 698 2273 762; x_wconf 79' lang='lat' dir='ltr'><strong><em>intuitio.</em></strong></span> 
     </span>
    </p>
   </div>
   <div class='ocr_carea' id='block_1_3' title="bbox 609 827 2749 2828">
    <p class='ocr_par' dir='ltr' id='par_1_3' title="bbox 622 827 2749 1337">
     <span class='ocr_line' id='line_1_4' title="bbox 740 827 2749 909; baseline -0.001 -16"><span class='ocrx_word' id='word_1_7' title='bbox 740 830 804 906; x_wconf 70' lang='grc'><strong>9.</strong></span> <span class='ocrx_word' id='word_1_8' title='bbox 853 827 1005 891; x_wconf 82' lang='grc'><strong>149.</strong></span> <span class='ocrx_word' id='word_1_9' title='bbox 1085 836 1229 895; x_wconf 76' lang='lat' dir='ltr'><strong>&#39;l&#39;ria</strong></span> <span class='ocrx_word' id='word_1_10' title='bbox 1263 835 1556 909; x_wconf 86' lang='lat' dir='ltr'><strong>principia</strong></span> <span class='ocrx_word' id='word_1_11' title='bbox 1587 833 2033 907; x_wconf 72' lang='lat' dir='ltr'><strong>metaphysica,</strong></span> <span class='ocrx_word' id='word_1_12' title='bbox 2098 847 2177 891; x_wconf 85' lang='lat' dir='ltr'><strong>ex</strong></span> <span class='ocrx_word' id='word_1_13' title='bbox 2218 829 2440 905; x_wconf 83' lang='lat' dir='ltr'><strong>quibus</strong></span> <span class='ocrx_word' id='word_1_14' title='bbox 2476 832 2749 892; x_wconf 71' lang='lat' dir='ltr'><strong>consistit</strong></span> 
     </span>
     <span class='ocr_line' id='line_1_5' title="bbox 623 938 2746 1020; baseline 0.001 -25"><span class='ocrx_word' id='word_1_15' title='bbox 623 941 855 1012; x_wconf 87' lang='lat' dir='ltr'><strong>tempus</strong></span> <span class='ocrx_word' id='word_1_16' title='bbox 886 943 1093 1020; x_wconf 86' lang='lat' dir='ltr'><strong>reale,</strong></span> <span class='ocrx_word' id='word_1_17' title='bbox 1122 942 1474 1016; x_wconf 73' lang='lat' dir='ltr'><strong>existentia,</strong></span> <span class='ocrx_word' id='word_1_18' title='bbox 1514 942 1795 997; x_wconf 85' lang='lat' dir='ltr'><strong>memoria</strong></span> <span class='ocrx_word' id='word_1_19' title='bbox 1835 944 1896 997; x_wconf 90' lang='lat' dir='ltr'><strong>ct</strong></span> <span class='ocrx_word' id='word_1_20' title='bbox 1929 938 2415 1013; x_wconf 78' lang='lat' dir='ltr'><strong>praemeditatio,</strong></span> <span class='ocrx_word' id='word_1_21' title='bbox 2456 954 2575 997; x_wconf 88' lang='lat' dir='ltr'><strong>non</strong></span> <span class='ocrx_word' id='word_1_22' title='bbox 2604 945 2746 997; x_wconf 84' lang='lat' dir='ltr'><strong>suut</strong></span> 
     </span>
     <span class='ocr_line' id='line_1_6' title="bbox 624 1045 2745 1123; baseline -0.003 -12"><span class='ocrx_word' id='word_1_23' title='bbox 624 1063 726 1111; x_wconf 84' lang='lat' dir='ltr'><strong>res</strong></span> <span class='ocrx_word' id='word_1_24' title='bbox 768 1045 1140 1123; x_wconf 85' lang='lat' dir='ltr'><strong>objectivae,</strong></span> <span class='ocrx_word' id='word_1_25' title='bbox 1184 1062 1341 1123; x_wconf 82' lang='lat' dir='ltr'><strong>quac</strong></span> <span class='ocrx_word' id='word_1_26' title='bbox 1385 1049 1656 1106; x_wconf 79' lang='lat' dir='ltr'><strong>existunt</strong></span> <span class='ocrx_word' id='word_1_27' title='bbox 1696 1047 1958 1120; x_wconf 87' lang='lat' dir='ltr'><strong>pluries,</strong></span> <span class='ocrx_word' id='word_1_28' title='bbox 2001 1045 2109 1104; x_wconf 86' lang='lat' dir='ltr'><strong>sed</strong></span> <span class='ocrx_word' id='word_1_29' title='bbox 2151 1051 2296 1103; x_wconf 87' lang='lat' dir='ltr'><strong>sunt</strong></span> <span class='ocrx_word' id='word_1_30' title='bbox 2334 1048 2637 1118; x_wconf 81' lang='lat' dir='ltr'><strong>potentiae</strong></span> <span class='ocrx_word' id='word_1_31' title='bbox 2686 1051 2745 1104; x_wconf 87' lang='lat' dir='ltr'><strong>et</strong></span> 
     </span>
     <span class='ocr_line' id='line_1_7' title="bbox 622 1152 2743 1231; baseline 0.001 -22"><span class='ocrx_word' id='word_1_32' title='bbox 622 1154 920 1229; x_wconf 85' lang='lat' dir='ltr'><strong>principia</strong></span> <span class='ocrx_word' id='word_1_33' title='bbox 954 1155 1300 1231; x_wconf 87' lang='lat' dir='ltr'><strong>individua,</strong></span> <span class='ocrx_word' id='word_1_34' title='bbox 1336 1169 1493 1229; x_wconf 84' lang='lat' dir='ltr'><strong>quae</strong></span> <span class='ocrx_word' id='word_1_35' title='bbox 1533 1154 1802 1212; x_wconf 86' lang='lat' dir='ltr'><strong>existunt</strong></span> <span class='ocrx_word' id='word_1_36' title='bbox 1840 1154 2063 1231; x_wconf 77' lang='lat' dir='ltr'><strong>semel,</strong></span> <span class='ocrx_word' id='word_1_37' title='bbox 2099 1158 2167 1211; x_wconf 89' lang='lat' dir='ltr'><strong>ut</strong></span> <span class='ocrx_word' id='word_1_38' title='bbox 2198 1152 2491 1227; x_wconf 86' lang='lat' dir='ltr'><strong>mundus,</strong></span> <span class='ocrx_word' id='word_1_39' title='bbox 2559 1157 2743 1230; x_wconf 74' lang='lat' dir='ltr'><strong>Deus,</strong></span> 
     </span>
     <span class='ocr_line' id='line_1_8' title="bbox 622 1250 2118 1337; baseline 0 -18"><span class='ocrx_word' id='word_1_40' title='bbox 622 1262 881 1337; x_wconf 84' lang='lat' dir='ltr'><strong>coelum,</strong></span> <span class='ocrx_word' id='word_1_41' title='bbox 915 1265 976 1318; x_wconf 85' lang='lat' dir='ltr'><strong>et</strong></span> <span class='ocrx_word' id='word_1_42' title='bbox 1005 1262 1466 1333; x_wconf 76' lang='lat' dir='ltr'><strong>omnianomina</strong></span> <span class='ocrx_word' id='word_1_43' title='bbox 1499 1263 1752 1336; x_wconf 88' lang='lat' dir='ltr'><strong>propria.</strong></span> <span class='ocrx_word' id='word_1_44' title='bbox 2111 1250 2118 1257; x_wconf 71' lang='grc'><em>’</em></span> 
     </span>
    </p>

    <p class='ocr_par' dir='ltr' id='par_1_4' title="bbox 609 1362 2747 1756">
     <span class='ocr_line' id='line_1_9' title="bbox 740 1362 2746 1442; baseline 0.001 -21"><span class='ocrx_word' id='word_1_45' title='bbox 740 1368 811 1439; x_wconf 73' lang='lat' dir='ltr'><strong>S.</strong></span> <span class='ocrx_word' id='word_1_46' title='bbox 855 1362 1009 1429; x_wconf 83' lang='grc'><strong>150.</strong></span> <span class='ocrx_word' id='word_1_47' title='bbox 1098 1370 1279 1428; x_wconf 87' lang='lat' dir='ltr'><strong>Notio</strong></span> <span class='ocrx_word' id='word_1_48' title='bbox 1325 1371 1608 1442; x_wconf 86' lang='lat' dir='ltr'><strong>temporis</strong></span> <span class='ocrx_word' id='word_1_49' title='bbox 1662 1369 1929 1430; x_wconf 80' lang='lat' dir='ltr'><strong>historici</strong></span> <span class='ocrx_word' id='word_1_50' title='bbox 1972 1385 2092 1426; x_wconf 85' lang='lat' dir='ltr'><strong>non</strong></span> <span class='ocrx_word' id='word_1_51' title='bbox 2149 1371 2448 1426; x_wconf 83' lang='lat' dir='ltr'><strong>formatur</strong></span> <span class='ocrx_word' id='word_1_52' title='bbox 2490 1385 2601 1440; x_wconf 85' lang='lat' dir='ltr'><strong>per</strong></span> <span class='ocrx_word' id='word_1_53' title='bbox 2635 1366 2746 1425; x_wconf 80' lang='lat' dir='ltr'><strong>ab·</strong></span> 
     </span>
     <span class='ocr_line' id='line_1_10' title="bbox 623 1446 2747 1548; baseline 0 -17"><span class='ocrx_word' id='word_1_54' title='bbox 623 1446 1034 1548; x_wconf 61' lang='lat' dir='ltr'><strong>attractionem,</strong></span> <span class='ocrx_word' id='word_1_55' title='bbox 1077 1472 1187 1531; x_wconf 84' lang='lat' dir='ltr'><strong>sed</strong></span> <span class='ocrx_word' id='word_1_56' title='bbox 1220 1488 1330 1546; x_wconf 90' lang='lat' dir='ltr'><strong>per</strong></span> <span class='ocrx_word' id='word_1_57' title='bbox 1352 1473 1863 1535; x_wconf 88' lang='lat' dir='ltr'><strong>commutationem</strong></span> <span class='ocrx_word' id='word_1_58' title='bbox 1894 1472 2272 1529; x_wconf 87' lang='lat' dir='ltr'><strong>intuitionum</strong></span> <span class='ocrx_word' id='word_1_59' title='bbox 2299 1473 2587 1547; x_wconf 82' lang='lat' dir='ltr'><strong>realium,</strong></span> <span class='ocrx_word' id='word_1_60' title='bbox 2611 1471 2747 1531; x_wconf 75' lang='lat' dir='ltr'><strong>dun</strong></span> 
     </span>
     <span class='ocr_line' id='line_1_11' title="bbox 622 1579 2747 1649; baseline 0 -14"><span class='ocrx_word' id='word_1_61' title='bbox 622 1583 1020 1643; x_wconf 84' lang='lat' dir='ltr'><strong>commutatur</strong></span> <span class='ocrx_word' id='word_1_62' title='bbox 1048 1580 1285 1638; x_wconf 87' lang='lat' dir='ltr'><strong>intuitio</strong></span> <span class='ocrx_word' id='word_1_63' title='bbox 1329 1581 1692 1638; x_wconf 74' lang='lat' dir='ltr'><strong>existentiae</strong></span> <span class='ocrx_word' id='word_1_64' title='bbox 1728 1580 1793 1637; x_wconf 89' lang='lat' dir='ltr'><strong>in</strong></span> <span class='ocrx_word' id='word_1_65' title='bbox 1846 1580 2222 1649; x_wconf 71' lang='lat' dir='ltr'><strong>intuitionem</strong></span> <span class='ocrx_word' id='word_1_66' title='bbox 2280 1579 2603 1637; x_wconf 81' lang='lat' dir='ltr'><strong>memoriae</strong></span> <span class='ocrx_word' id='word_1_67' title='bbox 2646 1584 2747 1635; x_wconf 86' lang='lat' dir='ltr'><strong>aut</strong></span> 
     </span>
     <span class='ocr_line' id='line_1_12' title="bbox 609 1685 1602 1756; baseline 0.002 -15"><span class='ocrx_word' id='word_1_68' title='bbox 609 1685 1088 1756; x_wconf 76' lang='lat' dir='ltr'><strong>exspectationis</strong></span> <span class='ocrx_word' id='word_1_69' title='bbox 1125 1691 1186 1742; x_wconf 88' lang='lat' dir='ltr'><strong>et</strong></span> <span class='ocrx_word' id='word_1_70' title='bbox 1212 1686 1354 1743; x_wconf 88' lang='lat' dir='ltr'><strong>vice</strong></span> <span class='ocrx_word' id='word_1_71' title='bbox 1390 1701 1602 1743; x_wconf 85' lang='lat' dir='ltr'><strong>versa.</strong></span> 
     </span>
    </p>

    <p class='ocr_par' dir='ltr' id='par_1_5' title="bbox 620 1786 2747 2187">
     <span class='ocr_line' id='line_1_13' title="bbox 740 1786 2741 1866; baseline 0 -19"><span class='ocrx_word' id='word_1_72' title='bbox 740 1788 802 1862; x_wconf 63' lang='grc' dir='ltr'><strong>ς.</strong></span> <span class='ocrx_word' id='word_1_73' title='bbox 850 1786 994 1850; x_wconf 81' lang='lat'><strong>151.</strong></span> <span class='ocrx_word' id='word_1_74' title='bbox 1077 1795 1190 1850; x_wconf 82' lang='lat' dir='ltr'><strong>Est</strong></span> <span class='ocrx_word' id='word_1_75' title='bbox 1220 1793 1412 1866; x_wconf 81' lang='lat' dir='ltr'><strong>igitur</strong></span> <span class='ocrx_word' id='word_1_76' title='bbox 1448 1797 1683 1865; x_wconf 86' lang='lat' dir='ltr'><strong>tempus</strong></span> <span class='ocrx_word' id='word_1_77' title='bbox 1721 1793 2074 1850; x_wconf 87' lang='lat' dir='ltr'><strong>historicum</strong></span> <span class='ocrx_word' id='word_1_78' title='bbox 2096 1791 2330 1850; x_wconf 88' lang='lat' dir='ltr'><strong>intuitio</strong></span> <span class='ocrx_word' id='word_1_79' title='bbox 2359 1792 2485 1864; x_wconf 80' lang='lat' dir='ltr'><strong>ipsa</strong></span> <span class='ocrx_word' id='word_1_80' title='bbox 2520 1793 2741 1850; x_wconf 87' lang='lat' dir='ltr'><strong>entium</strong></span> 
     </span>
     <span class='ocr_line' id='line_1_14' title="bbox 620 1893 2747 1973; baseline 0.001 -20"><span class='ocrx_word' id='word_1_81' title='bbox 620 1897 910 1973; x_wconf 81' lang='lat' dir='ltr'><strong>realium,</strong></span> <span class='ocrx_word' id='word_1_82' title='bbox 950 1899 1062 1957; x_wconf 82' lang='lat' dir='ltr'><strong>sed</strong></span> <span class='ocrx_word' id='word_1_83' title='bbox 1115 1893 1351 1958; x_wconf 83' lang='lat' dir='ltr'><strong>intuitio</strong></span> <span class='ocrx_word' id='word_1_84' title='bbox 1393 1916 1533 1957; x_wconf 88' lang='lat' dir='ltr'><strong>cum</strong></span> <span class='ocrx_word' id='word_1_85' title='bbox 1573 1900 1931 1957; x_wconf 83' lang='lat' dir='ltr'><strong>confusione</strong></span> <span class='ocrx_word' id='word_1_86' title='bbox 1974 1900 2259 1972; x_wconf 85' lang='lat' dir='ltr'><strong>partium,</strong></span> <span class='ocrx_word' id='word_1_87' title='bbox 2302 1914 2451 1973; x_wconf 75' lang='lat' dir='ltr'><strong>ergo</strong></span> <span class='ocrx_word' id='word_1_88' title='bbox 2494 1898 2747 1971; x_wconf 87' lang='lat' dir='ltr'><strong>intuitio,</strong></span> 
     </span>
     <span class='ocr_line' id='line_1_15' title="bbox 626 2002 2745 2081; baseline -0 -18"><span class='ocrx_word' id='word_1_89' title='bbox 626 2008 727 2065; x_wconf 90' lang='lat' dir='ltr'><strong>cui</strong></span> <span class='ocrx_word' id='word_1_90' title='bbox 788 2023 906 2065; x_wconf 89' lang='lat' dir='ltr'><strong>non</strong></span> <span class='ocrx_word' id='word_1_91' title='bbox 963 2005 1272 2078; x_wconf 86' lang='lat' dir='ltr'><strong>respondit</strong></span> <span class='ocrx_word' id='word_1_92' title='bbox 1331 2021 1433 2064; x_wconf 88' lang='lat' dir='ltr'><strong>res</strong></span> <span class='ocrx_word' id='word_1_93' title='bbox 1488 2007 1694 2065; x_wconf 86' lang='lat' dir='ltr'><strong>realis.</strong></span> <span class='ocrx_word' id='word_1_94' title='bbox 1806 2009 1917 2066; x_wconf 77' lang='lat' dir='ltr'><strong>Est</strong></span> <span class='ocrx_word' id='word_1_95' title='bbox 1970 2011 2172 2071; x_wconf 88' lang='lat' dir='ltr'><strong>autem</strong></span> <span class='ocrx_word' id='word_1_96' title='bbox 2235 2002 2497 2067; x_wconf 75' lang='lat' dir='ltr'><strong>intuitio</strong></span> <span class='ocrx_word' id='word_1_97' title='bbox 2551 2020 2745 2081; x_wconf 83' lang='lat' dir='ltr'><strong>neque</strong></span> 
     </span>
     <span class='ocr_line' id='line_1_16' title="bbox 625 2080 1208 2187; baseline -0.002 -19"><span class='ocrx_word' id='word_1_98' title='bbox 625 2080 802 2187; x_wconf 55' lang='lat' dir='ltr'><strong>notio</strong></span> <span class='ocrx_word' id='word_1_99' title='bbox 846 2113 1208 2172; x_wconf 80' lang='lat' dir='ltr'><strong>abstracta.</strong></span> 
     </span>
    </p>

    <p class='ocr_par' dir='ltr' id='par_1_6' title="bbox 619 2209 2747 2505">
     <span class='ocr_line' id='line_1_17' title="bbox 741 2209 2747 2292; baseline -0 -20"><span class='ocrx_word' id='word_1_100' title='bbox 741 2213 805 2287; x_wconf 70' lang='lat'><strong>§-</strong></span> <span class='ocrx_word' id='word_1_101' title='bbox 847 2209 1000 2273; x_wconf 78' lang='lat'><strong>152.</strong></span> <span class='ocrx_word' id='word_1_102' title='bbox 1044 2219 1214 2274; x_wconf 84' lang='lat' dir='ltr'><strong>Haec</strong></span> <span class='ocrx_word' id='word_1_103' title='bbox 1246 2222 1340 2275; x_wconf 89' lang='lat' dir='ltr'><strong>est</strong></span> <span class='ocrx_word' id='word_1_104' title='bbox 1367 2217 1558 2290; x_wconf 89' lang='lat' dir='ltr'><strong>prima</strong></span> <span class='ocrx_word' id='word_1_105' title='bbox 1598 2232 1739 2289; x_wconf 87' lang='lat' dir='ltr'><strong>pars</strong></span> <span class='ocrx_word' id='word_1_106' title='bbox 1774 2216 2115 2273; x_wconf 83' lang='lat' dir='ltr'><strong>Kantianae</strong></span> <span class='ocrx_word' id='word_1_107' title='bbox 2158 2214 2552 2292; x_wconf 80' lang='lat' dir='ltr'><strong>definitionis,</strong></span> <span class='ocrx_word' id='word_1_108' title='bbox 2594 2220 2747 2272; x_wconf 89' lang='lat' dir='ltr'><strong>tem-</strong></span> 
     </span>
     <span class='ocr_line' id='line_1_18' title="bbox 619 2318 2742 2399; baseline 0 -21"><span class='ocrx_word' id='word_1_109' title='bbox 619 2336 736 2395; x_wconf 88' lang='lat' dir='ltr'><strong>pus</strong></span> <span class='ocrx_word' id='word_1_110' title='bbox 775 2322 1123 2381; x_wconf 89' lang='lat' dir='ltr'><strong>historicum</strong></span> <span class='ocrx_word' id='word_1_111' title='bbox 1156 2339 1269 2382; x_wconf 87' lang='lat' dir='ltr'><strong>seu</strong></span> <span class='ocrx_word' id='word_1_112' title='bbox 1306 2324 1588 2396; x_wconf 86' lang='lat' dir='ltr'><strong>temporis</strong></span> <span class='ocrx_word' id='word_1_113' title='bbox 1622 2323 1841 2381; x_wconf 86' lang='lat' dir='ltr'><strong>seriem</strong></span> <span class='ocrx_word' id='word_1_114' title='bbox 1882 2338 2018 2379; x_wconf 80' lang='lat' dir='ltr'><strong>esse</strong></span> <span class='ocrx_word' id='word_1_115' title='bbox 2062 2318 2476 2381; x_wconf 73' lang='lat' dir='ltr'><strong>intuitionem</strong></span> <span class='ocrx_word' id='word_1_116' title='bbox 2499 2365 2517 2399; x_wconf 89' lang='lat'><strong>,</strong></span> <span class='ocrx_word' id='word_1_117' title='bbox 2548 2337 2742 2397; x_wconf 88' lang='lat' dir='ltr'><strong>neque</strong></span> 
     </span>
     <span class='ocr_line' id='line_1_19' title="bbox 619 2414 2532 2505; baseline 0 -19"><span class='ocrx_word' id='word_1_118' title='bbox 619 2414 946 2495; x_wconf 75' lang='lat' dir='ltr'><strong>notionem</strong></span> <span class='ocrx_word' id='word_1_119' title='bbox 987 2432 1414 2490; x_wconf 73' lang='lat' dir='ltr'><strong>abstractam.</strong></span> <span class='ocrx_word' id='word_1_120' title='bbox 2273 2502 2278 2505; x_wconf 81' lang='lat'><strong>.</strong></span> <span class='ocrx_word' id='word_1_121' title='bbox 2527 2492 2532 2501; x_wconf 51' lang='lat'><strong>,</strong></span> 
     </span>
    </p>

    <p class='ocr_par' dir='ltr' id='par_1_7' title="bbox 618 2520 2749 2828">
     <span class='ocr_line' id='line_1_20' title="bbox 742 2520 2745 2610; baseline -0 -17"><span class='ocrx_word' id='word_1_122' title='bbox 742 2534 916 2605; x_wconf 82' lang='lat' dir='ltr'><strong>Quod</strong></span> <span class='ocrx_word' id='word_1_123' title='bbox 953 2553 1063 2593; x_wconf 87' lang='lat' dir='ltr'><strong>nos</strong></span> <span class='ocrx_word' id='word_1_124' title='bbox 1102 2537 1202 2595; x_wconf 80' lang='lat' dir='ltr'><strong>hic</strong></span> <span class='ocrx_word' id='word_1_125' title='bbox 1244 2536 1529 2597; x_wconf 85' lang='lat' dir='ltr'><strong>derivare</strong></span> <span class='ocrx_word' id='word_1_126' title='bbox 1568 2537 1867 2610; x_wconf 86' lang='lat' dir='ltr'><strong>potuimus</strong></span> <span class='ocrx_word' id='word_1_127' title='bbox 1908 2553 1945 2594; x_wconf 88' lang='lat' dir='ltr'><strong>a</strong></span> <span class='ocrx_word' id='word_1_128' title='bbox 1979 2537 2157 2610; x_wconf 79' lang='lat' dir='ltr'><strong>priori</strong></span> <span class='ocrx_word' id='word_1_129' title='bbox 2202 2552 2237 2594; x_wconf 89' lang='lat' dir='ltr'><strong>e</strong></span> <span class='ocrx_word' id='word_1_130' title='bbox 2279 2520 2517 2594; x_wconf 86' lang='lat' dir='ltr'><strong>notione</strong></span> <span class='ocrx_word' id='word_1_131' title='bbox 2559 2536 2745 2609; x_wconf 85' lang='lat' dir='ltr'><strong>ipsius</strong></span> 
     </span>
     <span class='ocr_line' id='line_1_21' title="bbox 622 2636 2749 2717; baseline 0 -18"><span class='ocrx_word' id='word_1_132' title='bbox 622 2644 903 2715; x_wconf 85' lang='lat' dir='ltr'><strong>temporis</strong></span> <span class='ocrx_word' id='word_1_133' title='bbox 946 2644 1131 2702; x_wconf 85' lang='lat' dir='ltr'><strong>realis</strong></span> <span class='ocrx_word' id='word_1_134' title='bbox 1174 2650 1236 2701; x_wconf 89' lang='lat' dir='ltr'><strong>et</strong></span> <span class='ocrx_word' id='word_1_135' title='bbox 1272 2644 1442 2715; x_wconf 84' lang='lat' dir='ltr'><strong>vivi,</strong></span> <span class='ocrx_word' id='word_1_136' title='bbox 1483 2647 1649 2703; x_wconf 84' lang='lat' dir='ltr'><strong>Kant</strong></span> <span class='ocrx_word' id='word_1_137' title='bbox 1688 2645 1749 2701; x_wconf 89' lang='lat' dir='ltr'><strong>in</strong></span> <span class='ocrx_word' id='word_1_138' title='bbox 1780 2647 1994 2704; x_wconf 87' lang='lat' dir='ltr'><strong>critica</strong></span> <span class='ocrx_word' id='word_1_139' title='bbox 2033 2646 2292 2703; x_wconf 83' lang='lat' dir='ltr'><strong>rationis</strong></span> <span class='ocrx_word' id='word_1_140' title='bbox 2332 2660 2519 2717; x_wconf 83' lang='lat' dir='ltr'><strong>purae</strong></span> <span class='ocrx_word' id='word_1_141' title='bbox 2554 2659 2590 2699; x_wconf 82' lang='lat' dir='ltr'><strong>a</strong></span> <span class='ocrx_word' id='word_1_142' title='bbox 2629 2636 2749 2716; x_wconf 77' lang='lat' dir='ltr'><strong>&#39;po-</strong></span> 
     </span>
     <span class='ocr_line' id='line_1_22' title="bbox 618 2744 2749 2828; baseline -0 -20"><span class='ocrx_word' id='word_1_143' title='bbox 618 2749 859 2808; x_wconf 71' lang='lat' dir='ltr'><strong>nteriori</strong></span> <span class='ocrx_word' id='word_1_144' title='bbox 901 2744 1214 2809; x_wconf 79' lang='lat' dir='ltr'><strong>derivavit</strong></span> <span class='ocrx_word' id='word_1_145' title='bbox 1253 2767 1330 2809; x_wconf 84' lang='lat' dir='ltr'><strong>ex</strong></span> <span class='ocrx_word' id='word_1_146' title='bbox 1371 2752 1447 2809; x_wconf 90' lang='lat' dir='ltr'><strong>iis</strong></span> <span class='ocrx_word' id='word_1_147' title='bbox 1488 2753 1678 2828; x_wconf 72' lang='lat' dir='ltr'><strong>notiS,</strong></span> <span class='ocrx_word' id='word_1_148' title='bbox 1722 2769 1879 2826; x_wconf 84' lang='lat' dir='ltr'><strong>quae</strong></span> <span class='ocrx_word' id='word_1_149' title='bbox 1918 2753 2316 2811; x_wconf 82' lang='lat' dir='ltr'><strong>inveniuntur</strong></span> <span class='ocrx_word' id='word_1_150' title='bbox 2338 2750 2399 2809; x_wconf 90' lang='lat' dir='ltr'><strong>in</strong></span> <span class='ocrx_word' id='word_1_151' title='bbox 2435 2751 2749 2808; x_wconf 81' lang='lat' dir='ltr'><strong>intuitione</strong></span> 
     </span>
    </p>
   </div>
   <div class='ocr_carea' id='block_1_4' title="bbox 619 2857 1146 2931">
    <p class='ocr_par' dir='ltr' id='par_1_8' title="bbox 619 2857 1146 2931">
     <span class='ocr_line' id='line_1_23' title="bbox 619 2857 1146 2931; baseline -0.002 -16"><span class='ocrx_word' id='word_1_152' title='bbox 619 2857 802 2916; x_wconf 78' lang='lat' dir='ltr'><strong>serlei</strong></span> <span class='ocrx_word' id='word_1_153' title='bbox 847 2858 1146 2931; x_wconf 82' lang='lat' dir='ltr'><strong>temporis.</strong></span> 
     </span>
    </p>
   </div>
   <div class='ocr_carea' id='block_1_5' title="bbox 777 2939 2756 3190">
    <p class='ocr_par' dir='ltr' id='par_1_9' title="bbox 777 2939 2756 3190">
     <span class='ocr_line' id='line_1_24' title="bbox 777 2939 2750 3031; baseline 0.001 -16"><span class='ocrx_word' id='word_1_154' title='bbox 777 2939 968 3016; x_wconf 60' lang='lat' dir='ltr'><strong>Rant&#39;s</strong></span> <span class='ocrx_word' id='word_1_155' title='bbox 996 2965 1190 3017; x_wconf 70' lang='lat' dir='ltr'><strong>Kritik</strong></span> <span class='ocrx_word' id='word_1_156' title='bbox 1225 2964 1281 3019; x_wconf 82' lang='lat' dir='ltr'><strong>d.</strong></span> <span class='ocrx_word' id='word_1_157' title='bbox 1319 2963 1395 3025; x_wconf 67' lang='lat' dir='ltr'><strong>V,</strong></span> <span class='ocrx_word' id='word_1_158' title='bbox 1434 2963 1685 3019; x_wconf 85' lang='lat' dir='ltr'><strong>Transsc.</strong></span> <span class='ocrx_word' id='word_1_159' title='bbox 1714 2962 1911 3022; x_wconf 83' lang='lat' dir='ltr'><strong>Aesth.</strong></span> <span class='ocrx_word' id='word_1_160' title='bbox 1957 2966 2022 3016; x_wconf 68' lang='lat'><strong>21·</strong></span> <span class='ocrx_word' id='word_1_161' title='bbox 2055 2961 2265 3019; x_wconf 85' lang='lat' dir='ltr'><strong>Absch.</strong></span> <span class='ocrx_word' id='word_1_162' title='bbox 2308 2960 2349 3031; x_wconf 83' lang='lat'><strong>§.</strong></span> <span class='ocrx_word' id='word_1_163' title='bbox 2380 2960 2553 3031; x_wconf 77' lang='grc'><strong>4.1)</strong></span> <span class='ocrx_word' id='word_1_164' title='bbox 2600 2955 2667 3030; x_wconf 69' lang='grc'><strong>4)</strong></span> <span class='ocrx_word' id='word_1_165' title='bbox 2697 2982 2750 3016; x_wconf 86' lang='lat' dir='ltr'><strong>u.</strong></span> 
     </span>
     <span class='ocr_line' id='line_1_25' title="bbox 783 3040 2745 3116; baseline -0.001 -20"><span class='ocrx_word' id='word_1_166' title='bbox 783 3043 850 3110; x_wconf 82' lang='lat'><strong>5)</strong></span> <span class='ocrx_word' id='word_1_167' title='bbox 905 3045 1022 3109; x_wconf 81' lang='lat' dir='ltr'><strong>(3te</strong></span> <span class='ocrx_word' id='word_1_168' title='bbox 1050 3044 1198 3099; x_wconf 79' lang='lat' dir='ltr'><strong>Aufl.</strong></span> <span class='ocrx_word' id='word_1_169' title='bbox 1227 3045 1284 3102; x_wconf 85' lang='lat' dir='ltr'><strong>S.</strong></span> <span class='ocrx_word' id='word_1_170' title='bbox 1316 3044 1393 3109; x_wconf 70' lang='lat'><strong>46</strong></span> <span class='ocrx_word' id='word_1_171' title='bbox 1430 3067 1484 3102; x_wconf 92' lang='lat' dir='ltr'><strong>u.</strong></span> <span class='ocrx_word' id='word_1_172' title='bbox 1529 3040 1662 3114; x_wconf 72' lang='grc'><strong>47.)</strong></span> <span class='ocrx_word' id='word_1_173' title='bbox 1717 3041 1809 3107; x_wconf 56' lang='grc' dir='ltr'><strong>(Ἡ.</strong></span> <span class='ocrx_word' id='word_1_174' title='bbox 1855 3045 2159 3116; x_wconf 75' lang='lat' dir='ltr'><strong>Schellings</strong></span> <span class='ocrx_word' id='word_1_175' title='bbox 2197 3043 2536 3097; x_wconf 80' lang='lat' dir='ltr'><strong>transscend.</strong></span> <span class='ocrx_word' id='word_1_176' title='bbox 2575 3042 2745 3096; x_wconf 80' lang='lat' dir='ltr'><strong>ldeal.</strong></span> 
     </span>
     <span class='ocr_line' id='line_1_26' title="bbox 779 3121 2756 3190; baseline -0.002 -15"><span class='ocrx_word' id='word_1_177' title='bbox 779 3121 985 3182; x_wconf 57' lang='lat'><strong>8300.</strong></span> <span class='ocrx_word' id='word_1_178' title='bbox 1024 3129 1178 3180; x_wconf 67' lang='lat' dir='ltr'><strong>Frtos</strong></span> <span class='ocrx_word' id='word_1_179' title='bbox 1203 3128 1347 3183; x_wconf 78' lang='lat' dir='ltr'><strong>Krit.</strong></span> <span class='ocrx_word' id='word_1_180' title='bbox 1372 3127 1427 3179; x_wconf 87' lang='lat' dir='ltr'><strong>d.</strong></span> <span class='ocrx_word' id='word_1_181' title='bbox 1447 3129 1518 3183; x_wconf 89' lang='lat' dir='ltr'><strong>V.</strong></span> <span class='ocrx_word' id='word_1_182' title='bbox 1543 3129 1640 3186; x_wconf 62' lang='lat'><strong>28⁸</strong></span> <span class='ocrx_word' id='word_1_183' title='bbox 1653 3125 1801 3180; x_wconf 85' lang='lat' dir='ltr'><strong>Aufl.</strong></span> <span class='ocrx_word' id='word_1_184' title='bbox 1833 3128 1914 3182; x_wconf 70' lang='lat' dir='ltr'><strong>ir.</strong></span> <span class='ocrx_word' id='word_1_185' title='bbox 1938 3126 2037 3180; x_wconf 80' lang='lat' dir='ltr'><strong>Bd.</strong></span> <span class='ocrx_word' id='word_1_186' title='bbox 2066 3124 2125 3181; x_wconf 89' lang='lat' dir='ltr'><strong>S.</strong></span> <span class='ocrx_word' id='word_1_187' title='bbox 2150 3126 2278 3178; x_wconf 85' lang='grc'><strong>173.</strong></span> <span class='ocrx_word' id='word_1_188' title='bbox 2306 3123 2390 3189; x_wconf 83' lang='grc'><strong>2).</strong></span> <span class='ocrx_word' id='word_1_189' title='bbox 2433 3121 2756 3190; x_wconf 72' lang='lat' dir='ltr'><strong>S.17!..3).</strong></span> 
     </span>
    </p>
   </div>
   <div class='ocr_carea' id='block_1_6' title="bbox 620 3225 2755 3830">
    <p class='ocr_par' dir='ltr' id='par_1_10' title="bbox 620 3225 2755 3830">
     <span class='ocr_line' id='line_1_27' title="bbox 741 3225 2755 3305; baseline -0.001 -21"><span class='ocrx_word' id='word_1_190' title='bbox 741 3226 952 3290; x_wconf 75' lang='lat' dir='ltr'><strong>Senot.</strong></span> <span class='ocrx_word' id='word_1_191' title='bbox 1002 3231 1100 3286; x_wconf 79' lang='lat' dir='ltr'><strong>Ex</strong></span> <span class='ocrx_word' id='word_1_192' title='bbox 1137 3230 1232 3287; x_wconf 87' lang='lat' dir='ltr'><strong>his</strong></span> <span class='ocrx_word' id='word_1_193' title='bbox 1269 3231 1445 3287; x_wconf 84' lang='lat' dir='ltr'><strong>etiam</strong></span> <span class='ocrx_word' id='word_1_194' title='bbox 1487 3229 1799 3303; x_wconf 81' lang='lat' dir='ltr'><strong>sequitur,</strong></span> <span class='ocrx_word' id='word_1_195' title='bbox 1842 3235 2074 3305; x_wconf 86' lang='lat' dir='ltr'><strong>tempus</strong></span> <span class='ocrx_word' id='word_1_196' title='bbox 2104 3244 2240 3288; x_wconf 84' lang='lat' dir='ltr'><strong>esse</strong></span> <span class='ocrx_word' id='word_1_197' title='bbox 2276 3244 2452 3302; x_wconf 84' lang='lat' dir='ltr'><strong>posse</strong></span> <span class='ocrx_word' id='word_1_198' title='bbox 2485 3243 2602 3284; x_wconf 86' lang='lat' dir='ltr'><strong>non</strong></span> <span class='ocrx_word' id='word_1_199' title='bbox 2640 3225 2755 3283; x_wconf 86' lang='lat' dir='ltr'><strong>nisi</strong></span> 
     </span>
     <span class='ocr_line' id='line_1_28' title="bbox 621 3331 2746 3407; baseline 0 -18"><span class='ocrx_word' id='word_1_200' title='bbox 621 3348 840 3407; x_wconf 91' lang='lat' dir='ltr'><strong>unum,</strong></span> <span class='ocrx_word' id='word_1_201' title='bbox 888 3337 950 3390; x_wconf 89' lang='lat' dir='ltr'><strong>et</strong></span> <span class='ocrx_word' id='word_1_202' title='bbox 999 3333 1193 3391; x_wconf 83' lang='lat' dir='ltr'><strong>omnia</strong></span> <span class='ocrx_word' id='word_1_203' title='bbox 1237 3337 1504 3404; x_wconf 84' lang='lat' dir='ltr'><strong>tempora</strong></span> <span class='ocrx_word' id='word_1_204' title='bbox 1535 3347 1672 3392; x_wconf 87' lang='lat' dir='ltr'><strong>esse</strong></span> <span class='ocrx_word' id='word_1_205' title='bbox 1700 3331 1886 3405; x_wconf 81' lang='lat' dir='ltr'><strong>hujus</strong></span> <span class='ocrx_word' id='word_1_206' title='bbox 1912 3335 2094 3392; x_wconf 86' lang='lat' dir='ltr'><strong>unius</strong></span> <span class='ocrx_word' id='word_1_207' title='bbox 2131 3334 2412 3406; x_wconf 82' lang='lat' dir='ltr'><strong>temporis</strong></span> <span class='ocrx_word' id='word_1_208' title='bbox 2440 3331 2746 3391; x_wconf 83' lang='lat' dir='ltr'><strong>abscissas</strong></span> 
     </span>
     <span class='ocr_line' id='line_1_29' title="bbox 620 3439 2746 3514; baseline 0.004 -22"><span class='ocrx_word' id='word_1_209' title='bbox 620 3443 867 3514; x_wconf 76' lang='lat' dir='ltr'><strong>parteS,</strong></span> <span class='ocrx_word' id='word_1_210' title='bbox 899 3455 1076 3513; x_wconf 83' lang='lat' dir='ltr'><strong>quam</strong></span> <span class='ocrx_word' id='word_1_211' title='bbox 1112 3441 1307 3498; x_wconf 82' lang='lat' dir='ltr'><strong>thesin</strong></span> <span class='ocrx_word' id='word_1_212' title='bbox 1342 3442 1507 3498; x_wconf 88' lang='lat' dir='ltr'><strong>Kant</strong></span> <span class='ocrx_word' id='word_1_213' title='bbox 1545 3442 1874 3514; x_wconf 80' lang='lat' dir='ltr'><strong>praecipue</strong></span> <span class='ocrx_word' id='word_1_214' title='bbox 1927 3446 2133 3514; x_wconf 83' lang='lat' dir='ltr'><strong>urget.</strong></span> <span class='ocrx_word' id='word_1_215' title='bbox 2189 3443 2299 3502; x_wconf 83' lang='lat' dir='ltr'><strong>Kr.</strong></span> <span class='ocrx_word' id='word_1_216' title='bbox 2347 3439 2456 3498; x_wconf 85' lang='lat' dir='ltr'><strong>der</strong></span> <span class='ocrx_word' id='word_1_217' title='bbox 2495 3441 2572 3497; x_wconf 88' lang='lat' dir='ltr'><strong>V.</strong></span> <span class='ocrx_word' id='word_1_218' title='bbox 2605 3440 2657 3497; x_wconf 86' lang='lat'><strong>1.</strong></span> <span class='ocrx_word' id='word_1_219' title='bbox 2690 3453 2746 3501; x_wconf 84' lang='grc' dir='ltr'><strong>ο.</strong></span> 
     </span>
     <span class='ocr_line' id='line_1_30' title="bbox 623 3527 2754 3628; baseline -0.003 -22"><span class='ocrx_word' id='word_1_220' title='bbox 623 3537 691 3626; x_wconf 60' lang='grc'><strong>9.</strong></span> <span class='ocrx_word' id='word_1_221' title='bbox 724 3545 794 3602; x_wconf 88' lang='grc'><strong>4.</strong></span> <span class='ocrx_word' id='word_1_222' title='bbox 823 3527 906 3620; x_wconf 71' lang='grc'><strong>4)</strong></span> <span class='ocrx_word' id='word_1_223' title='bbox 950 3544 1068 3628; x_wconf 79' lang='lat'><strong>5),</strong></span> <span class='ocrx_word' id='word_1_224' title='bbox 1112 3563 1224 3606; x_wconf 90' lang='lat' dir='ltr'><strong>nec</strong></span> <span class='ocrx_word' id='word_1_225' title='bbox 1260 3565 1376 3607; x_wconf 87' lang='lat' dir='ltr'><strong>nou</strong></span> <span class='ocrx_word' id='word_1_226' title='bbox 1402 3551 1605 3607; x_wconf 82' lang='lat' dir='ltr'><strong>Locke</strong></span> <span class='ocrx_word' id='word_1_227' title='bbox 1633 3551 1702 3605; x_wconf 77' lang='lat' dir='ltr'><strong>of</strong></span> <span class='ocrx_word' id='word_1_228' title='bbox 1733 3550 1955 3605; x_wconf 84' lang='lat' dir='ltr'><strong>human</strong></span> <span class='ocrx_word' id='word_1_229' title='bbox 1987 3546 2475 3621; x_wconf 83' lang='lat' dir='ltr'><strong>understanding</strong></span> <span class='ocrx_word' id='word_1_230' title='bbox 2510 3544 2667 3602; x_wconf 84' lang='lat' dir='ltr'><strong>book</strong></span> <span class='ocrx_word' id='word_1_231' title='bbox 2685 3544 2754 3620; x_wconf 75' lang='lat'><strong>2,</strong></span> 
     </span>
     <span class='ocr_line' id='line_1_31' title="bbox 623 3641 2752 3728; baseline -0 -19"><span class='ocrx_word' id='word_1_232' title='bbox 623 3641 793 3723; x_wconf 85' lang='lat' dir='ltr'><strong>chap.</strong></span> <span class='ocrx_word' id='word_1_233' title='bbox 830 3647 934 3711; x_wconf 75' lang='lat'><strong>14.</strong></span> <span class='ocrx_word' id='word_1_234' title='bbox 966 3652 1131 3726; x_wconf 77' lang='lat'><strong>§.5,</strong></span> <span class='ocrx_word' id='word_1_235' title='bbox 1190 3671 1369 3728; x_wconf 83' lang='lat' dir='ltr'><strong>quam</strong></span> <span class='ocrx_word' id='word_1_236' title='bbox 1421 3657 1600 3712; x_wconf 84' lang='lat' dir='ltr'><strong>etiam</strong></span> <span class='ocrx_word' id='word_1_237' title='bbox 1641 3654 1765 3726; x_wconf 82' lang='lat' dir='ltr'><strong>jam</strong></span> <span class='ocrx_word' id='word_1_238' title='bbox 1832 3658 2001 3711; x_wconf 85' lang='lat' dir='ltr'><strong>firme</strong></span> <span class='ocrx_word' id='word_1_239' title='bbox 2044 3655 2343 3726; x_wconf 85' lang='lat' dir='ltr'><strong>expressit</strong></span> <span class='ocrx_word' id='word_1_240' title='bbox 2382 3653 2752 3712; x_wconf 85' lang='lat' dir='ltr'><strong>Aristoteles</strong></span> 
     </span>
     <span class='ocr_line' id='line_1_32' title="bbox 625 3737 2748 3830; baseline 0 -14"><span class='ocrx_word' id='word_1_241' title='bbox 625 3757 810 3830; x_wconf 73' lang='lat' dir='ltr'><strong>Phys.</strong></span> <span class='ocrx_word' id='word_1_242' title='bbox 845 3762 1036 3817; x_wconf 75' lang='lat' dir='ltr'><strong>1v.0.</strong></span> <span class='ocrx_word' id='word_1_243' title='bbox 1080 3755 1186 3823; x_wconf 79' lang='grc' dir='ltr'><strong>ιο.</strong></span> <span class='ocrx_word' id='word_1_244' title='bbox 1219 3764 1287 3817; x_wconf 76' lang='grc' dir='ltr'><strong>Τ.</strong></span> <span class='ocrx_word' id='word_1_245' title='bbox 1328 3755 1412 3816; x_wconf 84' lang='lat'><strong>55</strong></span> <span class='ocrx_word' id='word_1_246' title='bbox 1450 3766 1512 3818; x_wconf 73' lang='lat' dir='ltr'><strong>et</strong></span> <span class='ocrx_word' id='word_1_247' title='bbox 1542 3779 1595 3819; x_wconf 72' lang='grc' dir='ltr'><strong>ο.</strong></span> <span class='ocrx_word' id='word_1_248' title='bbox 1643 3763 1759 3819; x_wconf 82' lang='lat'><strong>14.</strong></span> <span class='ocrx_word' id='word_1_249' title='bbox 1808 3765 1877 3823; x_wconf 76' lang='grc' dir='ltr'><strong>Τ.</strong></span> <span class='ocrx_word' id='word_1_250' title='bbox 1920 3757 2072 3818; x_wconf 79' lang='lat'><strong>132.</strong></span> <span class='ocrx_word' id='word_1_251' title='bbox 2745 3737 2748 3740; x_wconf 79' lang='grc'><strong>’</strong></span> 
     </span>
    </p>
   </div>
   <div class='ocr_carea' id='block_1_7' title="bbox 1656 3894 1741 3949">
    <p class='ocr_par' dir='ltr' id='par_1_11' title="bbox 1656 3894 1741 3949">
     <span class='ocr_line' id='line_1_33' title="bbox 1656 3894 1741 3949; baseline 0 0"><span class='ocrx_word' id='word_1_252' title='bbox 1656 3894 1741 3949; x_wconf 86' lang='grc' dir='ltr'><strong>ΙΙ.</strong></span> 
     </span>
    </p>
   </div>
   <div class='ocr_carea' id='block_1_8' title="bbox 625 4007 2755 4499">
    <p class='ocr_par' dir='ltr' id='par_1_12' title="bbox 625 4007 2755 4499">
     <span class='ocr_line' id='line_1_34' title="bbox 882 4007 2432 4092; baseline 0.003 -28"><span class='ocrx_word' id='word_1_253' title='bbox 882 4057 887 4064; x_wconf 82' lang='grc'><strong>.</strong></span> <span class='ocrx_word' id='word_1_254' title='bbox 946 4007 1222 4070; x_wconf 81' lang='lat' dir='ltr'><strong>Intuitio</strong></span> <span class='ocrx_word' id='word_1_255' title='bbox 1242 4019 1507 4092; x_wconf 80' lang='lat' dir='ltr'><strong>tempor</strong></span> <span class='ocrx_word' id='word_1_256' title='bbox 1509 4007 1567 4068; x_wconf 73' lang='lat' dir='ltr'><strong>is</strong></span> <span class='ocrx_word' id='word_1_257' title='bbox 1611 4008 1906 4070; x_wconf 72' lang='lat' dir='ltr'><strong>historici</strong></span> <span class='ocrx_word' id='word_1_258' title='bbox 1944 4022 2040 4072; x_wconf 74' lang='lat' dir='ltr'><strong>cst</strong></span> <span class='ocrx_word' id='word_1_259' title='bbox 2075 4009 2300 4088; x_wconf 77' lang='lat' dir='ltr'><strong>aprior</strong></span> <span class='ocrx_word' id='word_1_260' title='bbox 2303 4010 2432 4088; x_wconf 77' lang='lat' dir='ltr'><strong>ica.</strong></span> 
     </span>
     <span class='ocr_line' id='line_1_35' title="bbox 744 4116 2755 4192; baseline -0.002 -13"><span class='ocrx_word' id='word_1_261' title='bbox 744 4116 994 4192; x_wconf 72' lang='lat'><strong>§.15:3.</strong></span> <span class='ocrx_word' id='word_1_262' title='bbox 1040 4121 1183 4177; x_wconf 81' lang='lat' dir='ltr'><strong>Tria</strong></span> <span class='ocrx_word' id='word_1_263' title='bbox 1206 4119 1535 4191; x_wconf 85' lang='lat' dir='ltr'><strong>principia,</strong></span> <span class='ocrx_word' id='word_1_264' title='bbox 1578 4133 1654 4174; x_wconf 84' lang='lat' dir='ltr'><strong>ex</strong></span> <span class='ocrx_word' id='word_1_265' title='bbox 1686 4116 1906 4191; x_wconf 84' lang='lat' dir='ltr'><strong>quibus</strong></span> <span class='ocrx_word' id='word_1_266' title='bbox 1936 4120 2209 4176; x_wconf 85' lang='lat' dir='ltr'><strong>consistit</strong></span> <span class='ocrx_word' id='word_1_267' title='bbox 2250 4124 2488 4191; x_wconf 84' lang='lat' dir='ltr'><strong>tempus</strong></span> <span class='ocrx_word' id='word_1_268' title='bbox 2518 4118 2755 4188; x_wconf 73' lang='lat' dir='ltr'><strong>vivum,</strong></span> 
     </span>
     <span class='ocr_line' id='line_1_36' title="bbox 625 4221 2755 4306; baseline -0.003 -21"><span class='ocrx_word' id='word_1_269' title='bbox 625 4228 978 4306; x_wconf 61' lang='lat' dir='ltr'><strong>existentia,</strong></span> <span class='ocrx_word' id='word_1_270' title='bbox 1034 4227 1317 4290; x_wconf 82' lang='lat' dir='ltr'><strong>memoria</strong></span> <span class='ocrx_word' id='word_1_271' title='bbox 1360 4227 1422 4285; x_wconf 88' lang='lat' dir='ltr'><strong>et</strong></span> <span class='ocrx_word' id='word_1_272' title='bbox 1440 4225 1943 4300; x_wconf 80' lang='lat' dir='ltr'><strong>praemeditatio,</strong></span> <span class='ocrx_word' id='word_1_273' title='bbox 2005 4224 2342 4286; x_wconf 82' lang='lat' dir='ltr'><strong>consistunt</strong></span> <span class='ocrx_word' id='word_1_274' title='bbox 2394 4241 2473 4284; x_wconf 81' lang='lat' dir='ltr'><strong>ex</strong></span> <span class='ocrx_word' id='word_1_275' title='bbox 2514 4221 2755 4281; x_wconf 79' lang='lat' dir='ltr'><strong>duabus</strong></span> 
     </span>
     <span class='ocr_line' id='line_1_37' title="bbox 629 4329 2752 4408; baseline 0.001 -19"><span class='ocrx_word' id='word_1_276' title='bbox 629 4336 816 4392; x_wconf 87' lang='lat' dir='ltr'><strong>nostri</strong></span> <span class='ocrx_word' id='word_1_277' title='bbox 862 4335 1053 4408; x_wconf 84' lang='lat' dir='ltr'><strong>ipsius</strong></span> <span class='ocrx_word' id='word_1_278' title='bbox 1093 4333 1273 4390; x_wconf 87' lang='lat' dir='ltr'><strong>animi</strong></span> <span class='ocrx_word' id='word_1_279' title='bbox 1312 4330 1747 4407; x_wconf 78' lang='lat' dir='ltr'><strong>facultatibus,</strong></span> <span class='ocrx_word' id='word_1_280' title='bbox 1810 4331 1871 4390; x_wconf 86' lang='lat' dir='ltr'><strong>in</strong></span> <span class='ocrx_word' id='word_1_281' title='bbox 1931 4347 2084 4405; x_wconf 85' lang='lat' dir='ltr'><strong>quas</strong></span> <span class='ocrx_word' id='word_1_282' title='bbox 2139 4329 2349 4389; x_wconf 77' lang='lat' dir='ltr'><strong>incidit</strong></span> <span class='ocrx_word' id='word_1_283' title='bbox 2402 4331 2581 4392; x_wconf 67' lang='lat' dir='ltr'><strong>tertia</strong></span> <span class='ocrx_word' id='word_1_284' title='bbox 2631 4345 2752 4405; x_wconf 69' lang='lat'>11⁰·-</span> 
     </span>
     <span class='ocr_line' id='line_1_38' title="bbox 628 4439 1123 4499; baseline -0.002 0"><span class='ocrx_word' id='word_1_285' title='bbox 628 4439 817 4499; x_wconf 87' lang='lat' dir='ltr'><strong>tentia</strong></span> <span class='ocrx_word' id='word_1_286' title='bbox 855 4445 1123 4499; x_wconf 85' lang='lat' dir='ltr'><strong>externa.</strong></span> 
     </span>
    </p>
   </div>
  </div>
 </body>
</html>
