2950 5147
1321 230 1744 294 ...14-

407 402 592 464 tando
647 401 1023 463 intellectam
1094 419 1162 461 se
1211 403 1559 481 conspicit,
1617 393 1900 481 tanquam
1957 401 2073 462 sibi
2132 364 2293 461 ante*
2339 378 2687 484 incognita*

407 510 630 585 fuerit,
674 496 812 573 “sed
857 511 938 571 ita
1005 510 1120 572 sibi
1166 516 1312 573 nota
1358 519 1513 588 erat,
1562 508 2066 590 quemadmodum
2113 516 2295 572 notae
2338 518 2487 572 sunt
2530 529 2658 591 res,

404 634 559 696 quae
602 619 892 679 memoria
939 619 1368 696 continentur,
1402 606 1582 682 etiam
1629 622 1681 682 si
1727 630 1854 681 non
1903 618 2293 700 cogitantur“
2319 621 2392 692 ¹).

452 736 455 737 ’
577 728 987 808 Augustinum
1031 728 1261 789 scimus·
1301 745 1374 791 eo
1422 729 1741 805 inclinare,
1787 734 1854 789 ut
1899 723 2114 788 eodem
2161 725 2343 790 modo
2389 728 2662 790 infantes

405 852 476 896 se
525 851 716 896 nosse
760 840 952 914 putet.
1042 833 1327 909 Quod'ni
1370 837 1451 898 ita
1500 840 1669 905 esset
1700 883 1716 913 ,
1790 853 1916 896 non
1976 817 2355 898 sufficienter
2397 841 2661 915 pateret,

407 962 518 1005 cur
563 961 644 1004 ex
690 929 872 1004 animi
918 943 1307 1005 facultatibus
1351 946 1605 1023 primam
1650 951 1837 1022 ponat
1882 945 2250 1004 memoriam.
2286 967 2289 971 ·
2328 944 2465 1021 Huc
2491 943 2663 1025 ‘per-'-

408 1054 562 1115 tinet
607 1054 786 1116 locus
838 1053 956 1115 liic
1023 1055 1163 1114 libri
1227 1052 1305 1114 de
1362 1056 1619 1116 i-mmort.·
1670 1058 1909 1116 animae
1953 1053 2027 1115 4:
2079 1053 2499 1132 „manifestum
2546 1059 2664 1132 cst,

410 1162 816 1223 immortalem
879 1179 1020 1223 esse
1075 1164 1333 1225 animum
1398 1163 1722 1225 humanum
1759 1166 1843 1245 vet
1902 1179 2115 1224 omnes
2159 1180 2341 1224 veras
2370 1140 2663 1224 'rationes

414 1273 475 1331 in
520 1272 784 1332 secretis
833 1272 966 1333 eius
1013 1286 1197 1349 esse,
1271 1258 1545 1352 ‹inamvis
1592 1291 1697 1336 eas
1726 1273 1880 1334 'sive
1926 1271 2502 1355 ignorationesive
2547 1271 2665 1334 ob·-

408 1381 637 1441 livione
682 1387 788 1442 aut
832 1398 955 1443 non
1001 1381 1230 1443 habere
1275 1389 1380 1444 aut
1423 1384 1701 1444 amisisse
1747 1374 2111 1444 'videatur“.‘
2187 1380 2313 1443 Ciir
2356 1394 2511 1444 vero
2541 1372 2664 1450 'in-

411 1489 609 1551 fantes
656 1508 780 1550 non
830 1509 862 1550 a
909 1508 980 1551 se
1009 1492 1159 1570 ipsis
1193 1492 1508 1570 admoniti,
1555 1510 1729 1571 quam
1764 1492 2119 1574 memoriter
2153 1494 2364 1552 tenent
2391 1483 2669 1554 notitiam

350 1644 358 1657 ,
406 1601 530 1678 sui,
576 1601 640 1661 in
687 1605 1086 1679 conspectum
1131 1598 1574 1680 procedentem
1620 1601 1932 1688 faciunt?
1983 1600 2109 1664 Cur
2155 1588 2425 1662 nondum
2468 1577 2663 1665 verba

413 1712 695 1773 norunt?
787 1709 910 1772 Cur
953 1700 1163 1775 nimis·
1196 1711 1407 1772 intenti
1466 1717 1609 1771 sunt
1650 1703 1734 1771 *in
1780 1691 2139 1771 sensibilia?
2214 1706 2299 1773 Sit
2343 1721 2499 1790 ergo
2546 1698 2670 1772 ne-

414 1836 594 1881 cesse
641 1826 734 1881 est
780 1819 1109 1881 discrimen
1158 1821 1316 1882 inter
1364 1796 1715 1882 memoriam
1751 1818 2002 1881 infantis
2036 1825 2099 1880 et
2144 1808 2332 1880 adulti
2366 1817 2669 1881 hominis,

413 1928 534 1991 Sed
581 1929 828 2008 qualis?
876 1929 1124 1990 Frustra
1171 1947 1248 1990 ex
1286 1926 1637 2010 Augustino
1682 1927 2089 2008 quaesiveris.
2158 1923 2250 1988 De
2291 1921 2474 2012 modo
2504 1917 2671 2006 pro·-

411 2036 680 2098 cedendi
713 2051 900 2096 unum
932 2034 1100 2096 addit
1130 2037 1275 2114 hoc,
1322 2037 1762 2118 cogitationem
1792 2036 1887 2098 sui
1918 2037 2112 2114 ipsius
2144 2051 2286 2096 esse
2318 2038 2458 2096 ante
2487 2026 2674 2098 omne

360 2146 365 2147 ⁷
412 2145 847 2224 qualecunque
916 2145 1188 2207 verbum.
1282 2145 1375 2206 De
1433 2148 1570 2209 trin.
1636 2143 1749 2221 15,
1804 2143 1925 2223 11,
1967 2141 2085 2207 20:
2154 2135 2672 2222 „perveniendum

411 2260 512 2315 est
557 2251 652 2313 ad>
681 2254 830 2315 illud
876 2255 1127 2316 verbum
1173 2255 1475 2332 hominis,
1532 2257 1608 2317 ad
1656 2253 1908 2316 verbum
1952 2252 2275 2315 rationalis
2313 2252 2660 2331 animantIs,

411 2362 491 2423 ad
536 2363 793 2436 verbum
836 2380 960 2424 non
1009 2364 1086 2425 de
1109 2364 1242 2426 Deo
1291 2364 1491 2442 natae,
1538 2364 1649 2426 sed
1699 2366 1776 2426 de
1805 2362 1939 2424 Deo
1972 2361 2182 2422 factae
2214 2357 2499 2442 imaginis
2523 2360 2667 2436 Dei,

413 2471 579 2551 quod
628 2489 827 2552 neque
871 2473 1233 2552 prolativum
1302 2479 1396 2534 est
1439 2474 1501 2534 in
1548 2490 1703 2535 sono
1772 2487 1971 2550 neque
2018 2452 2434 2552 cogitativum
2461 2471 2525 2532 in
2572 2471 2669 2533 si-

411 2583 750 2645 militudine
793 2586 966 2664 soni,
1027 2584 1144 2645 ‘sed
1210 2584 1665 2662 quod‘omnia‘,
1728 2582 1951 2662 quibus
1996 2579 2417 2676 significatur,
2485 2580 2670 2662 signa

342 2715 349 2723 ‘
410 2692 731 2772 praecedit
773 2700 833 2753 et
872 2694 1150 2775 gignitur
1196 2691 1272 2754 de
1301 2695 1583 2771 scientia,
1632 2712 1790 2773 quae
1822 2698 2026 2756 manet
2056 2679 2116 2754 in
2149 2690 2668 2769 animosquando

417 2801 636 2863 eadem
668 2802 930 2864 scientia
974 2804 1137 2865 intus
1171 2803 1417 2881 dicitur,
1463 2803 1643 2865 sicuti
1694 2802 1839 2865 est“.
1885 2800 2037 2865 lbid.
2070 2798 2132 2879 9,
2164 2798 2260 2879 11,
2291 2796 2401 2861 16:
2445 2814 2672 2879 „quum

352 2983 354 2985 a
415 2929 485 2972 se
532 2930 705 2973 mens
752 2914 882 2990 ipsa
932 2915 1101 2975 novit
1145 2920 1331 2993 atque
1373 2914 1690 2993 approbat,
1737 2914 1829 2975 sic
1874 2918 1969 2975 est
2014 2910 2227 2974 eadem
2270 2909 2486 2974 notitia
2530 2925 2677 2971 ver-

557 3114 610 3180 1)
646 3113 782 3165 Haec
833 3116 1000 3165 omnia
1054 3117 1309 3181 quomodo
1348 3131 1461 3167 cum
1502 3115 1807 3167 Platonismo
1844 3116 2175 3175 cohaereant,
2213 3120 2422 3175 apparet
2456 3124 2519 3161 ex
2554 3109 2675 3163 loco

409 3198 478 3248 de
513 3213 634 3247 vera
668 3198 750 3249 vel
783 3201 837 3250 3:
879 3200 952 3261 „si
988 3185 1127 3250 Plato
1175 3202 1285 3262 ipse
1331 3202 1528 3251 viveret
1561 3210 1613 3251 et
1645 3228 1713 3239 --
1747 3200 1829 3251 vel
1864 3201 2031 3265 potius
2067 3198 2111 3247 si
2155 3195 2407 3263 quis‘eius
2446 3196 2677 3261 discipu-

416 3282 490 3332 lus
527 3296 590 3331 eo
628 3283 740 3345 ipso
777 3289 1031 3346 tempore,
1069 3298 1169 3349 quo
1204 3275 1422 3347 vivebat,
1463 3300 1575 3335 eum
1611 3286 1960 3351 interrogaret,
1997 3298 2150 3349 quum
2198 3282 2291 3333 sibi
2327 3278 2511 3345 abillo
2551 3288 2677 3345 per-

415 3351 740 3429 suaderetur,
785 3381 890 3415 non
946 3367 1207 3431 corporeis
1257 3366 1444 3431 oculiS,
1491 3369 1579 3420 sed
1626 3384 1751 3433 pura
1798 3377 1963 3419 mente
2014 3368 2274 3418 veritatem
2320 3364 2512 3415 videri“
2572 3374 2675 3416 etc.

370 3478 373 3480 >
415 3453 649 3504 Ceterum
684 3450 987 3515 Augustinus
1017 3450 1274 3501 Platonem
1311 3453 1582 3517 praecipue
1618 3468 1681 3502 ex
1700 3441 2076 3517 Neoplatonicis
2105 3450 2361 3517 cognovit.
2414 3448 2677 3499 Platonem

416 3546 468 3587 et
492 3536 815 3598 Platonicos,
873 3536 1085 3585 maxime
1132 3535 1523 3601 Neoplatonicos
1568 3540 1620 3588 in
1657 3538 1854 3602 scriptis
1904 3537 2007 3588 suis
2054 3549 2207 3601 saepe
2242 3534 2411 3585 laudat
2440 3542 2678 3599 tanquam

415 3623 674 3687 proximos
710 3622 827 3673 fidei
867 3621 1174 3673 Christianae
1212 3638 1274 3673 ex
1311 3623 1539 3675 omnibus
1569 3622 1987 3689 ¹pbilosophorum
2022 3618 2280 3689 gentilium
2316 3618 2487 3671 sectis,
2558 3616 2682 3672 Pia·—

414 3707 615 3758 tonicos
673 3714 724 3757 et
769 3694 1122 3759 ‘Aristotelicos
1169 3724 1226 3759 re
1275 3710 1385 3773 ipsa
1434 3724 1538 3759 non
1586 3710 1830 3776 seiungit,
1880 3724 2032 3775 quum
2083 3706 2239 3756 dicat:
2289 3701 2536 3754 Platonici
2586 3716 2684 3752 seu

414 3791 724 3843 Aristotelici
791 3792 874 3843 vel
907 3792 1150 3845 Platonici
1185 3809 1224 3843 s,
1273 3792 1752 3861 Peripatetici.‘[De
1789 3778 1895 3844 cir.
1932 3792 1997 3843 D.
2038 3794 2086 3843 9.
2134 3792 2210 3853 4).
2282 3783 2360 3838 Ei
2397 3784 2682 3851 Neoplato-

411 3878 542 3928 uicis
577 3876 722 3942 plura
753 3892 852 3928 nec
886 3878 1064 3945 exigua
1098 3880 1276 3942 hausit,
1315 3894 1613 3946 quamquam
1637 3894 1741 3931 non
1777 3891 1951 3945 parum
1971 3876 2179 3943 proprio
2216 3872 2393 3925 labore
2429 3879 2682 3922 correcta.
2741 3867 2746 3872 ’

415 3960 680 4030 Augustini
714 3962 776 4014 de
817 3964 1028 4019 scientia
1059 3964 1137 4014 sui
1171 3964 1429 4016 doctrinae
1482 3964 1803 4016 occasionem
1853 3962 2049 4013 videtur
2094 3959 2293 4020 dedisse
2341 3957 2575 4008 doctrina
2613 3956 2681 4017 de

414 4047 591 4097 eadem
628 4063 684 4098 re
707 4047 1086 4113 Neoplatonica,
1125 4063 1186 4098 ac
1221 4048 1386 4116 λόγοι
1427 4052 1815 4118 σπερματικοὶ
1853 4046 2037 4100 Plotini
2068 4043 2187 4096 nihil
2225 4042 2355 4095 aliud
2375 4050 2493 4095 sunt
2530 4055 2685 4108 quam

413 4131 637 4183 rationes
672 4132 936 4185 seminales
973 4131 1253 4199 Augustini.
1330 4161 1333 4167 >
