2950 5147
1045 493 1292 555 -55
1372 527 1465 573 -,

171 670 331 721 nem
383 657 606 714 motum
652 642 1045 712 describimus
1086 652 1150 712 in
1190 652 1505 726 phantasia
1540 668 1651 727 per
1681 634 2030 715 trahendam
2062 634 2302 716 lineam*⁴

184 767 459 836 'tempus
513 759 731 817 vivum
770 762 972 816 autem
1021 771 1222 831 neque
1262 762 1356 816 est
1402 757 1596 834 linea,
1650 773 1850 833 neque
1897 758 2079 819 habet
2119 763 2309 821 ullam

179 869 638 929 dimensionem.
696 860 758 936 5.
806 861 914 924 34.

267 977 505 1036 XXVI.
591 976 781 1031 Estne
815 976 1050 1043 tempus
1073 968 1439 1043 substantia,
1485 987 1560 1029 an
1585 970 1899 1046 aoeidenS‚
1923 988 1998 1029 an
2033 970 2311 1031 abstrae-
2385 1026 2386 1037 ,

182 1083 311 1157 tio,
351 1096 431 1139 an
473 1074 748 1153 intuitio,
790 1094 868 1134 an
912 1060 1154 1153 relatio,
1208 1093 1285 1136 an
1321 1076 1581 1135 mundus
1618 1077 1782 1152 ipse,
1823 1094 1901 1169 an
1947 1078 2152 1153 aliqua
2195 1093 2311 1152 po-

178 1188 381 1247 tentia
419 1181 673 1244 divina?
938 1192 941 1195 ·
1180 1232 1225 1285 Ι

312 1296 497 1366 Resp.
576 1280 1087 1383 Distinguendum
1118 1294 1211 1348 est
1240 1289 1396 1348 inter
1419 1293 1654 1363 tempus
1679 1291 2059 1367 historicum,
2098 1290 2316 1350 vivum

182 1388 263 1460 et
296 1378 876 1459 transscendentale.
959 1400 1220 1469 Tempus
1246 1397 1597 1455 historicum
1627 1402 1719 1455 est
1739 1397 1974 1455 intuitio
1997 1397 2314 1483 aprioriea.

188 1501 459 1578 3.15·7.
539 1500 800 1578 'I‘empus
851 1504 1070 1561 vivum
1131 1508 1224 1561 est
1271 1506 1569 1577 proportio
1617 1504 1975 1563 existentiae
2021 1504 2318 1564 naturalis

194 1602 279 1670 ss
316 1598 501 1669 {luas
548 1607 727 1667 animi
774 1607 1128 1679 facultates,
1199 1607 1539 1665 memoriam
1603 1611 1665 1665 et
1716 1606 2318 1680 praemeditationem.

197 1718 266 1801 5.
305 1719 418 1777 60.
475 1720 736 1795 Tempus
759 1714 1313 1774 transscendentale
1340 1719 1434 1772 est
1467 1730 1575 1772 ens
1607 1716 1991 1788 compositum
2019 1729 2097 1773 ex
2125 1713 2319 1773 tribus

195 1812 507 1898 principiis
542 1806 790 1880 'suminis
832 1819 1279 1892 metaphysicis.
1359 1816 1426 1892 5
1471 1820 1586 1878 87.

282 1946 734 2007 XXV11.Au
763 1945 1075 2019 patiuntur
1097 1944 1328 2020 aliquid
1365 1962 1404 2002 a
1428 1950 1721 2023 tempore,
1744 1961 1902 2022 quae
1941 1946 2003 2004 in
2046 1962 2115 2006 eo
2155 1951 2320 2024 sunt,

206 2065 323 2109 nee
364 2065 440 2107 ne
463 2046 498 2107 9

325 2130 531 2228 Resp.
562 2150 658 2215 Α
698 2150 959 2228 tempore
1002 2154 1320 2232 historico,
1374 2154 1532 2228 quod
1589 2158 1682 2212 est
1739 2170 1848 2213 ens
1904 2155 2324 2229 imaginarium

206 2256 476 2345 3.159,
516 2262 690 2318 nulla
709 2275 808 2317 res
827 2263 1022 2332 potest
1048 2258 1276 2332 aliquid
1305 2259 1447 2331 pati.
1530 2261 1588 2318 A
1611 2264 1874 2332 tempore
1900 2275 2009 2332 per
2030 2275 2100 2323 se
2123 2266 2325 2319 autem

206 2364 310 2426 res
340 2342 457 2425 non
498 2356 692 2424 solum
725 2366 1037 2439 patiuntur
1072 2350 1349 2441 aliquid,'
1377 2364 1487 2422 sed
1519 2370 2056 2439 tempus-per-se
2098 2372 2193 2425 est
2226 2368 2327 2447 lag-

205 2473 574 2532 boratorium
631 2472 826 2546 ipsum
897 2472 1309 2547 generationis
1373 2458 1705 2532 universae
1776 2489 1981 2545 rerum
2047 2444 2326 2539 naturae.

208 2583 279 2656 3.
326 2577 484 2645 135.

289 2704 591 2763 XXVIII.
671 2703 886 2760 Utrum
925 2705 1160 2774 tempus
1189 2701 1560 2762 vsolummodo
1601 2706 1694 2761 est
1736 2703 1802 2764 in
1847 2669 2045 2770 anima
2090 2685 2329 2784 noem,

214 2824 293 2870 an
323 2809 557 2867 fruitur
598 2807 776 2890 etiam
816 2806 1138 2862 existentia
1179 2801 1527 2874 objectiva?

331 2899 519 2984 Resp.
575 2887 833 2982 Tempus
876 2903 1223 2965 historicum
1278 2912 1370 2965 est
1408 2923 1541 2972 ιιοιι
1590 2907 1708 2966 nisi
1759 2907 1824 2968 in
1868 2908 2065 2966 anima
2110 2913 2330 2972 nostra.

214 3014 297 3100 5.
322 3011 485 3075 147.
528 3016 827 3113 Tempus
854 3027 964 3086 per
1004 3027 1072 3071 se
1105 3012 1334 3070 fruitur
1373 3005 1695 3072 existentia
1720 3011 2041 3098 obJeetiva5
2083 3011 2336 3089 §.1402
2423 3053 2424 3058 ,

294 3111 533 3220 XXIX·
613 3138 719 3198 An
773 3135 953 3195 datur
1007 3135 1340 3212 differentia
1390 3138 1552 3198 inter
1601 3137 1904 3200 notionem
1954 3139 2236 3278 Q
2274 3144 2340 3200 ot

218 3248 453 3319 tempus
497 3244 729 3319 ipsum,
767 3258 884 3302 nee
922 3238 1052 3302 ne?
1384 3267 1391 3272 ·

304 3352 522 3432 Resp.
602 3352 820 3428 Datur.
902 3349 1164 3421 Tempus
1202 3348 1551 3408 historicum
1584 3350 1742 3408 enim
1767 3354 1860 3407 est
1889 3351 2038 3431 sola
2055 3351 2341 3425 temporis

223 3429 441 3531 notio;
456 3429 694 3530 tempus
727 3455 945 3512 vivum
986 3459 1080 3511 est
1116 3459 1352 3527 tempus
1390 3455 1605 3529 ipsum.
1658 3452 1722 3527 5.
1762 3451 1919 3515 147.
1963 3451 2136 3520 146.

242 3639 251 3648 ,
303 3578 508 3650 XXX.
592 3577 813 3644 Utrum
846 3574 1015 3652 finita
1055 3578 1149 3638 eet
1187 3576 1380 3636 series
1418 3580 1748 3649 temporum
1770 3617 1789 3652 ,
1827 3591 1907 3635 an
1950 3574 2225 3640 infinita!

368 3686 601 3756 neap..
653 3681 1001 3750 Verisimile
1044 3681 1323 3759 videtur,
1399 3696 1535 3741 esse
1574 3682 1820 3740 finitam.
1900 3679 1964 3754 5.
2005 3683 2129 3744 47.
2209 3685 2343 3743 ma-

206 3790 542 3850 monstrari
577 3789 695 3848 hoe
731 3793 932 3852 autem
969 3788 1198 3861 nequit.
2171 3801 2176 3810 ·

244 3933 247 3938 >
307 3913 549 3974 XXXI.
623 3914 871 3975 utrm
884 3915 1143 3970 aeterna
1162 3903 1489 4004 existentia
1522 3916 1616 3969 est
1652 3925 1840 3984 supra
1878 3925 2050 4012 omne
2083 3915 2343 3987 tempus,
2417 3863 2418 3866 Ἴ
2489 3861 2493 3864 ‘

229 4034 310 4079 an
348 4018 415 4076 iu
454 4019 610 4078 omni
647 4015 959 4092 tempore?

342 4124 536 4195 Desp-
598 4112 968 4183 Aeternitas
993 4121 1162 4182 viva
1203 4127 1297 4181 est
1349 4137 1535 4195 supra
1578 4138 1749 4196 omne
1796 4129 2030 4215 tempus
2069 4119 2156 4197 5.
2187 4122 2343 4201 5οἾ

206 4229 344 4291 ced
383 4225 729 4294 affinitas
744 4231 1051 4290 historica
1063 4231 1128 4288 in
1150 4230 1327 4288 omni
1355 4227 1638 4303 tempore.
1678 4227 1741 4304 5,
1782 4231 1902 4290 49.
2105 4233 2112 4246 ¹
2197 4243 2200 4248 ·

309 4353 580 4423 XXXII.
660 4356 876 4415 Utrum
928 4354 1255 4415 aeternitas
1308 4356 1436 4414 est
1453 4339 1685 4414 infinita
1738 4359 2065 4427 temporum
2118 4352 2341 4430 series,
