2950 5147
1067 531 1479 594 ...41-

135 730 139 733 -
190 692 464 767 spatium
519 695 583 749 et
638 695 872 763 tempus
935 697 1077 749 sunt
1134 693 1436 750 ternarius
1487 691 1820 765 aprioricus
1859 696 2183 756 formarum
2221 696 2324 756 in-

200 800 474 858 tuitionis
513 804 771 857 nostrae.
804 832 811 849 ,

320 919 385 994 9.
437 917 589 982 126.
624 984 629 989 ,
675 923 871 992 Quum
920 930 1154 996 tempus
1189 920 1566 983 historicum
1604 925 1683 983 sit
1711 931 1943 998 tempus
1979 923 2096 983 sub
2134 909 2339 984 forma⁴

204 1025 719 1102 numera-quum
757 1035 993 1101 tempus
1035 1028 1247 1087 vicum
1299 1032 1378 1087 sit
1423 1036 1658 1103 tempus
1702 1031 1815 1088 sub
1864 1036 2055 1089 forma
2088 1030 2327 1107 spatii,

209 1136 270 1191 et
312 1139 547 1206 tempus
599 1133 870 1193 tertium
912 1136 991 1193 sit
1048 1142 1280 1208 tempus
1332 1136 1445 1193 sub
1502 1141 1693 1194 forma
1745 1139 1936 1210 ipsius
1985 1130 2328 1216 temporie,

213 1256 333 1298 non
396 1239 639 1299 dubium
690 1248 814 1321 est,
891 1246 1037 1316 quin
1106 1250 1339 1317 tempus
1403 1246 1619 1302 vivum
1692 1251 1753 1303 et
1809 1246 2155 1303 historicum
2210 1233 2332 1303 s'int

213 1348 481 1417 tempora
521 1346 962 1419 phaenomena,
1003 1353 1235 1421 tempus
1274 1351 1516 1406 tertium
1565 1355 1768 1407 autem
1809 1355 2044 1424 tempus
2085 1367 2195 1424 per
2232 1367 2329 1429 se,

207 1450 323 1507 hoc
362 1451 532 1508 modo
573 1453 1000 1509 articulatum:

276 1574 402 1647 ·‘S·
448 1568 602 1632 12⁷.
687 1575 1006 1631 Praesens
1045 1591 1182 1632 cum
1218 1573 1457 1649 futuro
1503 1576 1892 1634 continebunt
1941 1576 2177 1649 obJecta
2216 1576 2329 1636 sub

211 1682 408 1740 forma
439 1681 576 1753 puri
617 1684 932 1755 temporis,
974 1697 1132 1756 quae
1164 1683 1276 1738 erit
1304 1682 1368 1738 in
1415 1684 1719 1754 praesenti
1752 1689 1823 1740 ut
1855 1687 2047 1740 forma
2079 1683 2333 1756 subJec-

211 1789 344 1846 tiva
369 1793 431 1845 et
458 1787 794 1864 abstracta,
834 1790 894 1847 in
936 1793 1144 1846 futuro
1188 1795 1390 1846 autem
1421 1794 1491 1846 ut
1530 1791 1723 1847 forma
1758 1787 2061 1859 objectiva
2115 1794 2176 1846 et
2222 1805 2332 1847 re-

211 1894 416 1973 pleta,
446 1896 722 1953 sortasse
761 1898 828 1950 ut
860 1898 1152 1966 perpetua
1200 1894 1645 1971 transmutatio,
1690 1894 1957 1951 evolutio
2002 1896 2064 1950 et
2107 1895 2332 1951 creatio
2373 1964 2376 1973 V

215 2014 425 2055 earum
459 2016 691 2070 rerum,
733 2016 888 2074 quae
921 2001 982 2057 in
1025 2017 1098 2056 ea
1136 2005 1489 2062 cernuntur.
1571 2001 1969 2059 Praeteritum
2011 1994 2335 2073 adJicietur

211 2105 494 2176 tanquam
533 2103 826 2177 quoddam
869 2119 1166 2178 vacuum,
1209 2103 1354 2160 nihil
1384 2103 1443 2161 in
1486 2118 1554 2160 se
1592 2104 1928 2162 continens.

337 2220 405 2295 9.
451 2219 605 2282 128.
688 2227 762 2282 ln
803 2222 1093 2298 tempore
1131 2221 1272 2282 vino
1303 2229 1426 2298 stat
1457 2228 1520 2281 et
1552 2225 1892 2296 praesentia
1929 2228 1992 2282 et
2036 2210 2337 2298 praeteri-'-
2396 2221 2400 2224 ’

194 2314 342 2397 ‘tum
362 2378 379 2411 ‚
418 2341 698 2394 movetur
716 2331 1031 2407 futurum
1059 2349 1168 2406 per
1193 2332 1590 2404 praesentiam
1626 2331 1688 2399 in
1714 2332 2119 2404 praeteritum.
2200 2336 2339 2393 Ita-

219 2459 341 2519 que
376 2450 565 2503 scant
612 2443 733 2500 dua
770 2442 1024 2515 repleta.
1050 2448 1057 2455 “
1081 2442 1382 2499 Movetur
1418 2441 1660 2498 tertium
1706 2456 1970 2501 vacuum
2005 2456 2115 2513 per
2143 2457 2337 2499 mem-

192 2548 391 2630 ‘hrum
433 2548 800 2622 objectivum
845 2550 906 2607 in
948 2546 1380 2619 subjectivum.

337 2673 399 2746 9.
433 2670 591 2732 129.
649 2677 723 2732 In
766 2684 1052 2747 cenapore
1090 2668 1400 2733 historico
1447 2678 1569 2732 stat
1616 2678 1677 2731 et
1717 2673 2107 2746 praeteritum
2138 2676 2200 2730 et
2224 2674 2353 2730 flu·-

220 2781 458 2856 turum,
497 2787 777 2839 movetur
806 2777 1189 2853 praesentia
1225 2798 1262 2837 a
1300 2781 1622 2853 praeterito
1658 2780 1736 2836 ad
1760 2782 2059 2837 futurum.
2117 2780 2337 2850 Itaque

215 2895 415 2948 etant
454 2888 571 2948 duo
605 2890 853 2960 repleta·
933 2889 1234 2946 Movetur
1264 2886 1508 2944 tertium
1548 2875 1814 2944 vacuum
1851 2900 1891 2941 a
1928 2880 2187 2951 membro
2225 2880 2340 2939 ob·-

194 2991 447 3065 ,jectivo
475 2991 535 3050 in
576 2991 1004 3063 subjectivum.
1721 3001 1722 3004 ’

339 3112 405 3185 9.
452 3109 605 3172 130.
655 3118 752 3173 Ex
805 3116 900 3172 his
947 3131 1055 3187 per
1091 3114 1435 3196 analogiam
1470 3113 1888 3192 concluditur,
1959 3111 2021 3169 in
2059 3086 2344 3185 tempore

198 3218 414 3281 ‚tertio
441 3225 606 3278 starc
653 3225 714 3278 et
739 3236 1042 3292 ,praesens
1069 3226 1141 3278 et
1170 3223 1480 3299 futurum,
1520 3220 1753 3277 moveri
1780 3225 1982 3276 autem
2007 3216 2344 3292 praeteri-

219 3307 392 3399 tum‘,
434 3329 496 3383 et
532 3326 763 3383 moveri
803 3325 1041 3399 quidem
1075 3342 1112 3381 a
1143 3331 1313 3397 parte
1350 3323 1654 3395 objectiva
1684 3324 1747 3381 in
1789 3328 2015 3396 partem
2046 3321 2345 3394 subjecti·-

196 3447 394 3506 .vam,
433 3431 474 3488 i.
516 3447 569 3489 e.
610 3447 649 3489 a
686 3433 897 3488 futuro
942 3432 1004 3488 iu
1045 3447 1355 3503 praesens.
1432 3434 1527 3488 De
1571 3423 1692 3504 qna
1729 3430 2105 3502 proportione
2141 3434 2344 3489 autem

219 3540 458 3596 frustra
491 3536 554 3594 in
605 3536 718 3593 hoc
758 3537 927 3593 vitae
968 3541 1132 3594 statu
1181 3538 1525 3609 experimur
1564 3537 1882 3609 concipere
1916 3536 2262 3611 imaginem.
2315 3569 2318 3574 ·

1244 3669 1320 3725 V.

520 3773 765 3827 Summa
811 3770 1078 3828 theoriae
1120 3770 1402 3841 temporis
1452 3770 2048 3829 transscendentalis.

332 3897 410 3970 ,9.
456 3894 605 3956 131.
663 3899 956 3970 Tempora
984 3891 1102 3955 tria
1138 3899 1252 3956 hac
1281 3901 1663 3971 proportione
1699 3901 1857 3958 inter
1885 3916 1954 3958 se
1995 3886 2345 3960 cohaerent}

342 4007 601 4078 Tempus
635 4006 983 4063 historicum
1035 4006 1239 4063 existit
1276 4022 1385 4079 per
1413 4008 1888 4065 commixtionem
1915 4014 1975 4066 et
2013 4007 2352 4068 transfusi-
2458 4065 2460 4068 .

221 4125 399 4168 onem
427 4112 768 4186 praeteriti,
810 4113 1147 4184 praesentis
1178 4117 1240 4169 et
1272 4114 1467 4170 futuri
1504 4110 1567 4184 9.
1605 4109 1711 4171 15.

343 4219 607 4288 Tempus
669 4218 886 4275 vivum
932 4218 1139 4277 existit
1175 4234 1284 4292 per
1338 4226 1564 4279 arctam
1602 4222 1954 4280 relationem
2011 4219 2352 4296 praeteriti,

219 4324 562 4397 praesentis
615 4328 678 4383 et
719 4324 916 4385 futuri
970 4326 1042 4397 S.
1075 4325 1225 4403 62„
1282 4341 1403 4400 qua
1442 4328 1704 4390 alterum
1747 4330 1987 4386 relucet
2028 4327 2092 4386 in
2135 4327 2349 4389 altero.

1905 4446 1948 4510 6
