2950 5147
706 454 804 521 lv

703 611 1174 679 inveniendum
1233 627 1464 678 verum
1527 609 1629 675 rei
1680 609 1946 675 statum.
2052 606 2202 674 Hac
2243 604 2553 674 methodo
2618 607 2821 675 etiam

703 728 970 778 errores
1030 708 1227 776 facile
1279 705 1723 793 apparebunt,
1788 708 1857 770 et
1908 702 2223 770 illustrati
2277 703 2586 770 veritatis
2628 702 2819 790 luce,

705 826 877 896 quae
913 819 1019 872 est
1064 806 1431 872 revelatrix
1465 804 1568 870 sui
1608 810 1678 868 et
1713 802 1997 881 erroris,
2039 806 2473 868 evanescent.

861 904 1181 970 Doctrina
1210 900 1712 989 Augustiniana
1746 898 1830 964 de
1869 904 2163 984 tempore
2201 903 2311 964 est
2346 898 2531 962 firma
2565 900 2635 963 et
2669 914 2756 964 ex
2758 917 2821 962 1-

701 1001 914 1087 dem,
979 1000 1106 1066 sed
1143 998 1429 1065 nondum
1475 999 1781 1084 perfecta
1833 1003 1902 1062 et
1946 995 2247 1061 omnibus
2285 996 2576 1061 numeris
2614 994 2821 1059 abso-

699 1098 860 1165 luta.
947 1099 1081 1164 Per
1119 1096 1292 1163 hunc
1323 1101 1675 1161 tractatum
1717 1112 1861 1160 eam
1902 1097 2142 1159 efferre
2188 1091 2444 1159 tentavi
2479 1109 2693 1177 usque
2727 1088 2817 1158 ad

700 1214 846 1262 eum
889 1196 1139 1279 locum,
1182 1193 1291 1259 ubi
1318 1212 1359 1258 a
1389 1192 1890 1274 mathematico,
1932 1193 2044 1278 qui
2088 1208 2218 1256 non
2247 1188 2558 1254 abhorret
2597 1205 2641 1255 a
2672 1205 2819 1255 me-

695 1293 1109 1378 taphysicis,
1177 1292 1358 1378 cupit
1399 1293 1469 1357 in
1523 1290 1847 1356 calculum
1890 1288 2101 1375 recipi
2157 1294 2466 1373 tanquam
2528 1287 2815 1353 scientia

632 1444 636 1449 .
696 1392 1190 1479 repugnantiae
1231 1392 1424 1456 trium
1451 1389 1927 1473 potentiarum,
1969 1405 2242 1472 quarum
2292 1383 2464 1449 duae
2495 1382 2561 1449 in
2600 1384 2816 1452 anima

692 1486 1065 1552 collocatae
1098 1493 1288 1567 sunt,
1349 1486 1549 1551 tertia
1588 1490 1809 1550 autem
1850 1490 1959 1549 est
1994 1483 2413 1563 resistentia9
2455 1499 2650 1567 quam
2689 1482 2817 1551 im-

694 1582 1097 1700 mutabilitas
1156 1584 1732 1668 entium-per-se
1796 1582 2066 1667 opponit
2116 1580 2484 1647 actionibus
2527 1580 2811 1648 illarum.

694 1679 799 1748 Cf.
845 1680 923 1843 {s
955 1684 1221 1843 δίιιῐθιιι
1297 1776 1774 1861 philosophus,
1855 1776 1967 1863 qui
2020 1776 2321 1843 theoriae
2369 1795 2646 1863 prorsus
2702 1775 2814 1843 di-

686 1890 938 1940 versae
990 1872 1077 1939 de
1122 1877 1421 1958 tempore
1474 1874 1798 1953 assentit,
1859 1891 2079 1958 neque
2121 1872 2493 1939 movendus
2548 1874 2673 1938 erit
2720 1870 2810 1938 ad

688 1970 1063 2038 intrandum
1107 1969 1435 2035 theatrum
1467 1968 1594 2035 hoc
1640 1970 2078 2035 anatomicam
2124 1970 2449 2035 sectionis
2491 1970 2809 2055 temporis

688 2069 761 2135 in
799 2068 1088 2134 membra
1121 2085 1282 2150 sua,
1338 2072 1691 2153 praeterea
1725 2073 1947 2133 tamen
1991 2085 2082 2133 ex
2128 2066 2448 2153 opusculo
2485 2084 2633 2132 meo
2681 2065 2812 2132 ali-
2861 2084 2866 2087 ·
2949 2054 2950 2129 ἶ

686 2182 884 2251 quem
938 2165 1218 2230 fructum
1269 2180 1514 2250 capere
1552 2163 1834 2249 poterit,
1889 2164 2046 2249 quia
2102 2164 2238 2230 illic
2285 2165 2681 2251 praecipuas
2722 2162 2809 2229 de

687 2271 987 2348 tempore
1030 2263 1376 2348 opiniones
1429 2262 1691 2329 invenit
1724 2263 1919 2346 juxta
1972 2279 2053 2328 se
2100 2262 2361 2348 positas
2403 2267 2474 2328 et
2519 2262 2808 2328 invicem

687 2364 1125 2445 comparatas.
2784 2388 2788 2393 ·

849 2457 1043 2523 Sed
1022 2479 1082 2523 1s
1120 2459 1354 2539 etiam,
1397 2459 1506 2524 cui
1535 2456 1870 2524 videbitur
1909 2456 2397 2544 contemplandi
2427 2459 2618 2527 locus
2659 2460 2811 2527 Au-

680 2557 1113 2644 ‘gustinianus
1165 2573 1327 2622 esse
1376 2555 1594 2622 falsus
1640 2560 1709 2622 et
1752 2554 2071 2622 exhibere
2120 2556 2451 2643 obliquum
2506 2560 2854 2625 contem-·

681 2653 910 2742 plandi
955 2657 1188 2738 situm,
1245 2655 1443 2720 fateri
1479 2661 1699 2720 tamen
1743 2654 2105 2739 oportebit,
2167 2653 2465 2721 theoriae
2505 2654 2658 2721 huic
2695 2657 2807 2721 in-

681 2769 846 2819 esse
876 2750 1152 2819 eandem
1181 2751 1583 2819 evidentiam
1628 2753 1985 2834 internam,
2031 2769 2201 2838 quae
2240 2769 2301 2817 e.
2325 2772 2399 2840 g.
2446 2752 2515 2819 in
2546 2752 2807 2840 Spino-

678 2866 804 2916 zae
839 2847 925 2915 de
958 2850 1335 2915 substantia
1370 2849 1880 2917 deductionibus
1919 2851 2261 2916 invenitur
2302 2852 2499 2917 etiam
2556 2852 2641 2917 ab
2683 2851 2805 2935 iis,

679 2947 792 3032 qni
818 2947 1000 3012 illum
1036 2948 1286 3030 locum,
1329 2964 1416 3013 ex
1465 2966 1595 3034 quo
1640 2947 2112 3035 speculabatur
2143 2945 2474 3035 spinum,
2517 2947 2808 3035 perhor-

675 3049 969 3110 rescunt.

836 3139 1031 3205 Sicut
1059 3137 1165 3205 hic
1182 3139 1490 3206 methodo
1520 3141 2022 3226 Augustiniana
2038 3141 2272 3208 ductus
2298 3142 2556 3225 inveni,
2598 3140 2804 3208 intui-

674 3237 916 3303 tionem
966 3235 1356 3321 aprioricam
1386 3237 1705 3321 temporis
1738 3238 1892 3301 oriri
1929 3255 2015 3303 ex
2054 3237 2508 3304 transfusione
2554 3238 2806 3326 imagi-

675 3333 863 3399 naria
898 3335 1093 3398 trium
1131 3334 1600 3418 principiorum
1637 3334 2275 3419 metaphysicorum‚
2316 3335 2465 3401 scil.
2514 3335 2804 3408 entium-

673 3449 917 3517 per-se
942 3449 1087 3496 cnm
1123 3428 1380 3496 duabus
1409 3429 1609 3494 animi
1638 3431 2101 3516 facultatibuS‚
2142 3433 2242 3500 sic
2275 3433 2641 3500 verisimile
2668 3437 2801 3516 est,

674 3530 871 3594 etiam
923 3535 1192 3594 ceteras
1254 3528 1637 3593 intuitiones
1688 3531 2083 3615 aprioricas‚
2143 3533 2381 3619 quibus
2423 3535 2803 3602 continetur

670 3627 1041 3713 geometria
1106 3631 1175 3710 et
1237 3625 1651 3692 arithmetica
1681 3672 1700 3709 ‚
1784 3629 1963 3695 solvi
2044 3648 2249 3715 posse
2325 3630 2392 3695 in
2467 3629 2802 3716 principia

671 3722 1136 3808 metaphysica
1185 3729 1257 3788 ut
1299 3723 1629 3789 elementa
1681 3742 1825 3789 sua.
1910 3724 1993 3791 Si
2035 3726 2202 3792 haec
2242 3724 2623 3813 disquisitio
2668 3724 2804 3791 ali-
2906 3809 2912 3817 ι

672 3816 827 3905 quid
885 3819 1190 3884 conferre
1249 3826 1521 3906 posset,
1624 3827 1802 3887 utet
1850 3823 2099 3888 circum
2155 3823 2310 3889 illas
2364 3823 2802 3888 instituantur

668 3915 866 3981 simili
907 3914 1095 3980 modo
1121 3917 1629 3984 observationes
1650 3921 2135 4002 accuratiore3‚
2178 3924 2365 3985 certe
2398 3917 2540 3984 scio
2549 3935 2639 4004 ,
2603 3919 2802 3998 eius-

669 4009 844 4078 modi
883 4013 1147 4079 labores
1203 4033 1332 4080 non
1389 4015 1811 4083 mediocriter
1849 4018 2209 4085 collaturos
2249 4034 2411 4083 esse
2461 4014 2547 4081 ad
2589 4035 2637 4080 r«
2660 4033 2805 4081 mo-

667 4107 957 4275 ¹vliinddam
989 4109 1366 4181 solidiorem
1392 4117 1461 4181 et
1489 4130 1655 4180 vere
1696 4115 1993 4184 criticam
2021 4117 2092 4184 in
2132 4112 2614 4251 metaphysicis
2660 4128 2801 4181 rne-

744 4223 780 4271 o
833 4227 936 4274 um

1496 4342 1952 4366 *-
