2950 5147
1180 312 1609 377 ,ψῃ-ι

273 499 356 544 ex
396 481 535 544 Deo
580 483 705 545 sic
702 489 836 561 est,
906 491 976 545 ut
1043 502 1169 548 non
1210 488 1295 550 sit
1352 488 1689 553 substantia
1735 491 1848 557 Dei
1895 500 1957 556 et
2007 496 2087 557 sit
2143 497 2536 580 incorporea,

269 592 311 654 i.
363 610 414 654 e.
464 596 623 655 ‘non
637 595 719 655 sit
766 611 1016 673 corpuS,
1062 596 1174 658 sed
1221 599 1498 677 spiritus,
1544 618 1661 661 nec
1707 601 1784 663 de
1821 581 2163 667 substantia
2197 606 2311 668 Dei
2353 612 2538 689 geni-

269 706 367 763 tus
411 719 532 763 nec
591 702 671 765 de
728 704 1068 767 substantia
1112 705 1227 768 Dei
1287 708 1672 788 procedenS,
1734 712 1847 773 sed
1910 712 2112 777 sactus
2160 734 2194 778 a
2238 715 2374 779 Deo
2418 736 2539 780 nec

273 813 361 873 ita
406 812 626 890 factus,
671 819 739 874 ut
783 815 850 875 in
895 815 1026 876 eius
1069 821 1345 879 naturam
1390 823 1605 881 natura
1651 821 1774 882 ulla
1822 826 2102 903 corporis
2146 825 2249 888 vel
2290 827 2541 890 irratio-

268 921 431 984 nalis
487 923 725 984 animae
771 928 1157 1001 verteretur,
1204 943 1279 987 ac
1329 944 1442 1005 per
1486 927 1607 990 hoc
1654 929 1731 991 de
1775 931 2025 994 nihilo“.
2115 934 2239 1009 ΟΩ.
2286 932 2407 1012 83,
2456 937 2525 1009 Q.

275 1029 339 1092 l:
385 1046 547 1111 „non
588 1033 779 1114 igitur
823 1050 1016 1112 quum
1051 1052 1083 1095 a
1135 1035 1395 1098 veritate
1441 1038 1639 1099 anima
1680 1045 1796 1115 est,
1842 1032 1877 1102 a
1920 1059 1990 1103 se
2035 1043 2168 1123 ipsa
2213 1051 2326 1106 est
2399 1044 2527 1109 Est

274 1143 523 1205 autem
549 1144 780 1205 veritas
847 1143 1043 1217 Deus3
1074 1138 1305 1213 Deum
1386 1147 1577 1228 igitur
1628 1148 1830 1234 habet
1881 1158 2245 1232 auctorem,
2312 1161 2383 1216 ut
2440 1155 2524 1218 sit

222 1314 229 1319 ,
269 1251 524 1317 anima“.
1040 1310 1054 1317 ,

445 1361 663 1442 Neque
710 1381 861 1427 vero
907 1365 1009 1427 hic
1054 1352 1332 1429 subsistit
1374 1366 1802 1450 AugustinuS,
1847 1345 2029 1435 altius
2076 1375 2255 1436 etiam
2302 1375 2365 1437 in
2412 1382 2543 1440 co-'

267 1470 554 1553 gnitione
584 1472 714 1535 'Dei
759 1473 1144 1539 adscendere
1191 1484 1471 1538 conatur.
1566 1480 1765 1552 Quum
1811 1479 2117 1544 hominem
2164 1485 2280 1547 Dei
2314 1487 2534 1568 imagi-

266 1596 410 1641 nem
457 1597 598 1642 esse
652 1583 1076 1666 intelligeret,
1120 1588 1298 1665 quam
1358 1589 1661 1649 acerrime
1714 1588 1980 1668 studuit,
2025 1593 2203 1655 istius
2246 1594 2536 1677 imaginis

258 1691 683 1773 proprietates
742 1694 1143 1774 perspicere,
1203 1702 1273 1756 ut
1302 1695 1472 1781 ,inde
1532 1697 1848 1776 hauriret,
1891 1718 2019 1780 quo
2071 1702 2355 1783 ¹cognitio
2414 1704 2535 1768 Dei

264 1802 464 1882 magis
533 1803 859 1884 magisque
892 1786 1341 1888 ,corrigeretur
1402 1813 1879 1888 augereturque.
1982 1809 2111 1887 Ea,
2147 1815 2150 1817 ’
2189 1828 2349 1892 quae
2405 1813 2531 1876 huc

264 1909 543 1990 faciunt,
592 1912 731 1975 fuse
777 1915 1191 1977 etsubtilitet·
1237 1888 1588 2006 explana’vit
1631 1918 1695 1978 in
1743 1935 1933 1998 opere
1992 1919 2072 1981 de
2112 1907 2401 1985 trinitate.
2454 1924 2525 1985 In

267 2021 551 2085 omnibus
602 2025 905 2086 creaturis
953 2025 1254 2103 conspicit
1284 2025 1584 2111 quaedam
1628 2029 1791 2095 vitae
1821 2028 2064 2089 divinae
2098 2029 2278 2107 „alibi
2307 2032 2528 2112 magis,

266 2131 414 2192 alibi
483 2133 707 2194 minus⁸
755 2134 1052 2213 impressa
1120 2135 1413 2216 vestigia“
1497 2135 1611 2208 (de
1668 2139 1782 2201 civ.
1834 2137 1901 2201 D.
1970 2135 2079 2216 ll,
2136 2135 2277 2213 28.)
2332 2134 2561 2220 eaque'

265 2241 755 2309 luculentissima
818 2245 883 2305 in
931 2247 1132 2307 anima
1177 2245 1473 2322 humana,
1514 2263 1698 2326 xquae
1742 2264 1855 2325 per
1935 2248 2103 2310 vires
2175 2250 2532 2327 memoriae,

265 2353 727 2436 intelligentiae
793 2355 1245 2434 voluntatisque
1298 2355 1524 2422 reddit
1564 2356 1953 2419 simulacrum
1999 2356 2301 2436 quoddam
2345 2358 2531 2423 trini-

268 2464 419 2532 tatis
464 2463 727 2526 divinae.

450 2575 627 2648 Quali
686 2575 914 2655 copula
978 2576 1292 2639 Can-tesius
1326 2573 1794 2659 *cogitationem
1853 2579 1953 2641 sui
2005 2572 2201 2658 ipsius
2246 2573 2520 2659 aliasque

267 2686 447 2774 ideas
492 2686 658 2748 inter
698 2702 769 2748 se
812 2675 1007 2748 nexas
1054 2687 1635 2767 aptasque-voluit?
1699 2688 1794 2749 Ex
1830 2688 2166 2767 principiot
2237 2680 2361 2770 ego
2408 2706 2527 2752 co·-

252 2798 429 2878 ‘gito,
475 2811 632 2877 ergo
677 2811 853 2873 sum,
879 2795 1218 2873 concludit,
1260 2797 1527 2857 animum
1559 2815 1593 2857 a
1625 2812 1890 2874 corpore
1928 2796 2183 2858 realiter
2213 2796 2532 2858 diversum

268 2923 438 2967 esse.
539 2907 607 2968 In
653 2906 914 2986 princip.
959 2906 1105 2996 phil.
1155 2904 1210 2989 1,
1245 2903 1280 2968 7
1322 2911 1384 2967 et
1402 2902 1448 2968 ⁷8
1491 2912 1816 2984 postquam
1847 2902 2018 2981 dixit,
2064 2904 2259 2982 „hanc
2303 2905 2532 2986 cogni-

265 3016 535 3077 tionem:
586 3033 706 3097 ego
752 3016 986 3097 cogito,
1034 3033 1190 3096 ergo
1237 3034 1414 3092 sum,
1483 3031 1624 3076 esse
1670 3013 1944 3077 omnium¹
1980 3014 2230 3091 primam
2275 3020 2339 3074 et
2380 3031 2533 3075 cer-

264 3123 639 3203 tissimam“,
699 3125 860 3187 hunc
915 3128 976 3187 in
1033 3125 1568 3206 modum'pergit:
1646 3123 1843 3201 „haec
1884 3123 2109 3202 optima
2166 3123 2268 3185 via
2313 3129 2411 3185 est
2454 3118 2536 3184 ad

216 3251 225 3258 ²
264 3211 493 3296 mentis
541 3241 821 3297 naturam
869 3235 1128 3314 eiusque
1161 3251 1196 3310 a
1238 3242 1528 3314 corpore,
1552 3231 2004 3295 distinctionem
2037 3229 2536 3312 agnoscendam3'

265 3344 692 3407 examinantes
739 3344 1221 3422 enimsquinam
1267 3346 1461 3404 simus
1509 3358 1648 3416 nos,
1685 3340 1801 3419 ‘qui
1846 3338 2072 3414 omnia,
2118 3354 2280 3416 quae
2324 3356 2360 3400 a
2403 3353 2533 3399 no·-

263 3453 365 3526 bis
415 3453 663 3515 diversa
707 3459 889 3529 sunt,
943 3454 1341 3534 supponimus
1398 3467 1541 3518 esse
1585 3447 1784 3524 falsa,
1847 3447 2178 3527 perspicue
2223 3445 2526 3521 videmuS,

263 3564 503 3634 nullam
551 3562 1144 3626 extensionemnec
1187 3561 1444 3642 figuram
1489 3575 1607 3618 nec
1653 3561 1882 3619 motum
1913 3555 2175 3617 localem
2219 3571 2341 3616 nec
2382 3551 2533 3633 quid

263 3648 492 3748 simile,
538 3671 706 3751 quod
754 3673 1006 3751 corpori
1050 3672 1130 3732 sit
1168 3666 1588 3742 tribuendum,
1635 3664 1712 3727 ad
1754 3670 2033 3725 naturam
2064 3669 2341 3725 nostram
2383 3679 2533 3741 per·

261 3783 498 3859 tinere,
543 3781 658 3842 sed
698 3781 1147 3861 cogitationem
1189 3777 1436 3853 solam,
1454 3790 1614 3854 quae
1658 3772 1921 3855 proinde
1967 3769 2137 3850 prius
2183 3787 2258 3831 ac
2302 3769 2535 3831 certius

166 3871 169 3874 ’
262 3908 450 3971 quam
494 3889 621 3953 ulla
672 3904 794 3952 res
827 3890 1134 3968 corporea
1198 3882 1665 3967 cognoscitur“.
1752 3881 1935 3958 Resp.
1994 3878 2071 3939 ad
2109 3877 2365 3957 quartas
2406 3873 2535 3938 ob-

263 3997 578 4063 iectiones
624 3998 704 4062 de
737 4003 983 4067 natura
991 3997 1215 4059 mentis
1243 3995 1575 4059 humanae.
1626 3986 1992 4069 „dicendum
2021 3991 2137 4063 est,
2182 4002 2304 4065 quo
2339 3975 2536 4046 sensu

263 4107 617 4191 intelligam
637 4153 658 4189 ,
722 4107 1183 4172 distinctionem
1230 4105 1462 4168 realem
1504 4099 1742 4165 inferri
1782 4102 2013 4190 tantum
2057 4112 2140 4157 ex
2182 4111 2259 4157 eo
2284 4138 2305 4172 ,
2367 4091 2536 4173 quod

136 4297 139 4298 ⁷
261 4233 680 4300 unaquaeque
721 4235 830 4282 res
875 4217 1113 4297 absque
1169 4215 1286 4279 alia
1352 4199 1656 4294 complete
1700 4226 1753 4273 s.
1798 4214 1868 4271 ut
1919 4220 2026 4268 res
2072 4202 2377 4344 completa
2409 4200 2525 4268 in-

2037 4407 2040 4410 l
2072 4312 2114 4378 3
