2950 5147
1436 458 1860 519 *40-

609 611 915 671 eontinent
950 601 1218 691 objecta,
1257 629 1451 689 eaque
1478 613 1591 673 sub
1626 618 1818 674 forma
1855 614 2032 689 spatii
2074 612 2143 686 3.
2177 610 2323 673 111:
2360 614 2537 687 spatii
2570 614 2728 674 sub-

596 715 814 791 jeetivi
843 721 1228 792 memorialia,
1272 733 1332 780 et
1385 723 1561 794 spatii
1609 721 1894 793 obJeetivi
1936 723 2252 786 naturalis,
2346 721 2467 779 Sed
2540 724 2728 780 futu-

600 836 736 883 rum
803 823 1085 896 adjicitur
1160 832 1444 900 tanquam
1506 829 1798 903 quoddam
1864 846 2125 886 vacuum
2201 834 2378 888 extra
2445 831 2725 901 spatium·

720 945 786 1019 9.
824 943 964 1006 117.
1060 952 1133 1007 In
1198 958 1483 1023 tempore
1529 947 1833 1010 historico
1896 953 2284 1024 praeteritum
2326 957 2388 1011 et
2441 956 2722 1011 futurum

601 1053 906 1112 continent
962 1053 1228 1129 objecta,
1293 1070 1486 1128 eaque
1531 1052 1643 1111 sub
1702 1058 1894 1113 forma
1952 1057 2211 1113 numeri:
2277 1058 2512 1114 numeri
2562 1056 2721 1115 sub-

595 1156 815 1235 jectivi
868 1157 1184 1234 abstracti,
1230 1166 1291 1218 et
1324 1160 1553 1217 numeri
1601 1158 1886 1231 objectivi
1941 1164 2236 1219 factorum
2281 1162 2719 1221 historicorum.

601 1261 668 1336 §-
705 1260 847 1322 112.
907 1265 1027 1322 Sed
1075 1281 1360 1337 praesens
1410 1264 1694 1337 adjicitur
1748 1271 2030 1340 tanquam
2093 1267 2388 1341 quoddam
2444 1283 2718 1326 vaenum

603 1374 779 1431 extra
815 1386 1142 1429 numerum.

725 1493 972 1571 §.118-
1028 1499 1360 1572 Utrumque
1397 1503 1632 1569 tempus
1660 1495 1894 1576 igitur,
1951 1501 2012 1555 et
2050 1501 2283 1569 tempus
2326 1492 2715 1556 historicum

601 1607 668 1667 et
704 1607 938 1674 tempus
980 1599 1226 1676 vivum,
1278 1600 1460 1659 habet
1500 1602 1617 1659 duo
1669 1600 1932 1659 membra
1984 1602 2255 1674 repleta,
2314 1616 2471 1674 quae
2511 1600 2715 1659 eonti-

598 1715 745 1775 nent
781 1710 1029 1785 aliquid,
1071 1715 1131 1767 et
1156 1697 1344 1770 'unum
1376 1708 1702 1767 'membrum
1735 1724 2021 1783 vacuum,
2053 1707 2213 1782 quod
2244 1708 2506 1765 eontinet
2543 1708 2716 1765 nihil.

720 1829 789 1904 5.
818 1828 960 1890 119.
1003 1831 1274 1891 Membra
1311 1835 1546 1904 repleta
1584 1836 1724 1889 sunt
1766 1833 1828 1889 in
1877 1837 2142 1903 tempore
2183 1827 2483 1890 historico
2523 1848 2715 1904 prae-

595 1938 838 2001 teritum
878 1943 939 1994 et
969 1939 1276 2013 futurum,
1321 1938 1381 1995 in
1416 1942 1682 2010 tempore
1718 1935 1857 1996 vieo
1889 1940 2275 2011 praeteritum
2319 1943 2380 1995 et
2404 1949 2712 2009 praesens·

596 2047 891 2116 Superest
931 2046 1148 2102 tertius
1200 2062 1411 2121 casua,
1487 2045 1550 2102 in
1609 2061 1726 2119 quo
1780 2061 2068 2118 praesens
2127 2049 2189 2102 et
2242 2047 2518 2102 futurum
2590 2046 2713 2102 sint

594 2150 858 2211 membra
903 2155 1152 2225 repleta.

714 2273 778 2349 S.
825 2270 982 2341 120.
1023 2279 1096 2334 In
1124 2281 1384 2349 tempore
1409 2273 1712 2336 historico
1748 2282 1842 2336 est
1872 2277 2196 2336 membrum
2224 2295 2489 2335 vacuum
2523 2293 2712 2350 prae-

595 2382 822 2455 sentia,
892 2383 954 2442 in
1013 2388 1273 2456 tempore
1342 2380 1484 2442 vivo
1542 2391 1636 2441 est
1698 2382 2021 2441 membrum
2081 2401 2344 2441 vacuum
2408 2387 2707 2441 futurum.

593 2470 887 2558 Superest
922 2488 1136 2544 tertius
1180 2504 1358 2544 casus
1393 2486 1769 2562 cogitabIIiS‚
1811 2502 1928 2561 quo
1967 2484 2290 2544 membrum
2320 2503 2584 2545 vacuum
2626 2488 2711 2545 sit

590 2592 1003 2664 praeteritum.

712 2714 778 2790 9.
807 2712 951 2776 121.
994 2721 1267 2792 Tempus
1305 2714 1574 2777 tercium
1618 2721 1712 2775 est
1742 2713 2097 2792 cogitabile,
2136 2715 2199 2773 in
2233 2712 2349 2788 quo
2375 2710 2708 2771 membrum

586 2838 880 2897 praesens
925 2829 985 2894 et
1046 2829 1320 2883 futurum
1373 2830 1552 2882 erunt
1602 2826 1863 2900 repleta,
1932 2820 2255 2881 membrum
2309 2819 2705 2894 praeteritum

586 2932 790 2985 autem
829 2945 1113 2987 vaenum.

709 3048 775 3122 9.
817 3046 971 3109 122.
1017 3053 1446 3124 Praeteritum,
1477 3050 1647 3125 quod
1686 3055 1780 3108 est
1818 3051 2114 3122 repletum
2146 3047 2315 3106 modo
2353 3045 2704 3117 subjective)

587 3156 649 3215 in
694 3161 958 3238 tempore
1003 3154 1176 3234 viee,
1233 3157 1405 3215 modo
1460 3155 1763 3226 objectiva
1814 3156 1877 3214 in
1931 3161 2192 3229 tempore
2248 3148 2580 3228 historico,
2632 3151 2706 3213 in

588 3268 853 3334 tempore
895 3259 1087 3323 certio
1129 3262 1243 3319 erit
1280 3277 1569 3318 vacuum.

707 3370 773 3442 s,
801 3364 959 3426 123.
1002 3371 1330 3441 PraesenS‚
1371 3368 1532 3443 quod
1565 3373 1658 3425 est
1682 3384 1944 3426 vaenum
1977 3369 2037 3426 in
2072 3373 2333 3441 tempore
2371 3360 2703 3440 historico,

586 3476 886 3548 repletum
926 3475 1098 3533 modo
1136 3471 1435 3543 objectivo
1471 3473 1533 3530 in
1570 3478 1833 3543 tempore
1864 3467 2034 3542 vivo,
2086 3473 2150 3529 in
2193 3468 2386 3531 tertio
2426 3475 2703 3542 tempore

583 3570 879 3649 repletum
919 3575 1033 3633 erit
1070 3574 1238 3632 modo
1277 3573 1643 3646 subjectivo.

702 3683 771 3756 ς.
805 3677 961 3740 124.
1029 3684 1355 3755 Futurum,
1412 3680 1570 3754 quod
1638 3685 1730 3738 est
1768 3695 2034 3738 vacuum
2085 3678 2148 3737 in
2203 3683 2465 3752 tempore
2519 3674 2702 3755 vioe,

581 3791 878 3863 repletum
942 3789 1112 3846 modo
1172 3787 1512 3859 subjective
1566 3789 1627 3845 in
1690 3793 1951 3861 tempore
2011 3783 2345 3862 historico,
2399 3787 2462 3844 in
2513 3785 2701 3843 tertio

581 3900 846 3967 tempore
888 3895 1185 3966 repletum
1232 3894 1345 3950 erit
1381 3892 1550 3949 modo
1599 3889 1920 3963 objectivo.

700 3997 762 4071 §-
794 3992 938 4056 125.
981 3999 1131 4056 Cum
1156 3999 1218 4055 in
1252 4002 1513 4070 tempore
1542 3993 1683 4055 vivo
1727 3996 1961 4069 objecta
1992 3985 2318 4070 appareant
2351 3993 2464 4054 sub
2497 3999 2702 4055 forma

579 4101 823 4179 apatii;
891 4121 1027 4163 eum
1093 4105 1155 4162 in
1207 4110 1469 4177 tempore
1536 4101 1836 4162 historico
1899 4102 2134 4174 objecta
2194 4102 2521 4177 appareant
2572 4101 2699 4161 sub

580 4215 774 4270 forma
811 4208 1104 4271 numeri:
1147 4211 1232 4267 nil
1260 4211 1540 4282 superest
1574 4224 1679 4282 pro
1722 4214 1984 4282 tempore
2023 4211 2227 4284 tertio,
2267 4225 2446 4283 quam
2475 4212 2545 4267 ut
2574 4206 2698 4265 ob-

575 4315 744 4390 jeota
786 4320 1115 4392 appareant
1157 4314 1273 4377 sub
1324 4319 1519 4375 forma
1547 4315 1708 4388 ,meri
1758 4311 2095 4389 tempor-2⁹⁸3
2159 4315 2304 4389 quia
2353 4329 2645 4373 numerus
2665 4357 2691 4392 ‚
