2950 5147
1453 475 1869 553 ...220-

742 651 859 711 fit,
907 649 1039 723 quia
1077 649 1135 701 in
1176 646 1539 721 praeteritum
1583 647 1810 712 transit,
1834 645 1843 652 ’
1867 659 1930 703 ut
1968 646 2186 704 seilicet
2225 664 2340 700 non
2390 665 2513 700 vere
2565 645 2717 700 dica-

764 747 886 784 mus
934 741 1152 799 tempus
1194 747 1337 788 esse,
1381 728 1490 780 nisi
1529 733 1655 801 quia
1693 730 1860 781 tendit
1888 733 1944 780 in
1982 745 2248 781 non-esse.

843 809 997 865 Βοὲἕι.
1045 809 1272 865 Consol.
1312 808 1524 862 Philos.
1565 808 1604 863 l.
1643 808 1711 861 V.
1744 809 1904 861 Prosa
1950 809 2066 870 6ta
2144 808 2337 886 Neque
2375 805 2524 877 enim
2569 805 2719 860 Deus

720 906 723 907 ⁷
761 883 1053 941 conditor
1069 886 1230 942 rebus
1276 878 1564 961 antiquior
1610 887 1792 940 videri
1848 887 2015 940 debet
2063 887 2330 966 temporis
2373 882 2719 960 quantitate,

758 967 858 1021 sed
900 969 1177 1041 simplicis
1212 968 1402 1040 potius
1433 967 1776 1040 proprietate
1813 981 2060 1021 naturae.

837 1048 989 1107 Ibid.
1033 1057 1126 1107 Est
1157 1061 1340 1121 autem
1383 1049 1501 1102 Deo
1544 1066 1759 1119 semper
1790 1063 2046 1119 aeternus
2076 1067 2137 1113 ac
2167 1051 2563 1127 praesentarius
2601 1061 2720 1101 sta—

761 1139 875 1180 tus.-
913 1122 1143 1181 scientia
1189 1147 1410 1202 quoque
1445 1126 1564 1201 ejus
1600 1148 1816 1187 omnem
1848 1128 2115 1199 temporis
2154 1146 2496 1200 supergressa
2535 1139 2717 1178 muta-

698 1270 699 1273 *
760 1207 997 1272 tionem,
1043 1209 1101 1261 in
1136 1228 1264 1261 suae
1306 1221 1494 1261 manet
1534 1199 1895 1279 simplicitate
1945 1206 2321 1279 praesentiae,
2381 1188 2718 1278 infinitaque

758 1289 1049 1358 praeteriti
1095 1296 1158 1342 ac
1197 1290 1372 1343 futuri
1429 1290 1608 1360 spatia
1668 1284 2073 1358 complectens}
2138 1288 2350 1357 omnia,
2400 1287 2580 1359 quasi
2597 1280 2713 1355 jam

759 1382 1046 1461 gerantur-3
1113 1370 1173 1421 in
1232 1388 1325 1422 sua
1371 1369 1618 1440 simplici
1661 1369 1983 1439 cognitione
2028 1368 2360 1429 considerat.
2437 1368 2633 1438 Itaque
2667 1366 2718 1418 si

760 1449 1132 1519 praesentiam
1174 1467 1405 1521 pensare
1454 1450 1631 1509 veliS,
1672 1449 1777 1519 qua
1828 1461 2024 1501 cuneta
2066 1447 2384 1516 dignoscat,
2437 1465 2551 1498 non
2602 1464 2721 1499 esse

757 1528 1180 1601 praescientiam
1219 1531 1375 1602 quasi
1397 1531 1614 1600 saturi,
1649 1527 1749 1580 sed
1784 1529 2074 1581 scientiam
2110 1524 2385 1605 nunquan}
2415 1527 2721 1606 &deficientis

756 1610 1045 1682 instantiae
1094 1610 1298 1671 rectius
1342 1609 1683 1665 aestimabis,

1133 1748 1211 1815 G.
1293 1747 1392 1823 ¹2.ss
1444 1744 1769 1817 relatione
1804 1753 2179 1818 temporum.

1552 1869 1759 1959 XXII.

716 1988 788 2078 3.
814 1988 931 2048 43.
991 1991 1203 2060 Quoad
1230 1999 1483 2064 tempus
1522 1988 1899 2051 historicum
1929 1996 2173 2062 tempus
2214 1989 2428 2047 vivum
2474 1989 2563 2047 nil
2591 1995 2714 2065 est,

595 2092 741 2167 quia
774 2102 1085 2155 coercetur
1113 2098 1173 2156 in
1213 2097 1584 2155 indiv1sibile
1625 2103 1909 2194 punctum
1953 2096 2331 2186 praesentiae
2372 2095 2713 2164 historicae.

752 2200 926 2281 Arist.
972 2205 1141 2277 Phys.
1189 2207 1234 2273 l.
1287 2207 1384 2261 IV.
1445 2227 1490 2260 c.
1538 2205 1627 2290 11.
1709 2204 1951 2283 Quando
2002 2205 2177 2288 igitur
2228 2216 2488 2278 tanquam
2549 2223 2712 2256 unum

684 2316 691 2323 ·
753 2287 926 2355 ipsum
971 2287 1138 2341 Nunc
1179 2288 1480 2348 sentimuS,
1522 2305 1703 2358 neque
1746 2299 1809 2338 ut
1848 2285 2003 2356 prius
2040 2272 2098 2338 et'
2128 2285 2402 2356 posterius
2437 2282 2497 2357 ἱιι
2536 2296 2713 2359 ιιιοῑιι,

756 2383 940 2448 neque
982 2379 1044 2419 ut
1080 2367 1284 2449 prioris
1312 2381 1368 2420 et
1407 2366 1731 2445 posterioris
1763 2365 2083 2436 cujusdam,
2118 2385 2226 2425 non
2264 2366 2466 2449 videtur
2502 2377 2708 2436 tempus

736 2434 957 2514 sactum
979 2451 1159 2518 fuisse
1198 2448 1387 2506 ullum.

716 2562 781 2637 3.
818 2567 938 2626 44.
1039 2570 1252 2639 Quoad
1310 2579 1562 2642 tempus
1611 2567 1827 2629 vivum
1882 2577 2115 2642 tempus
2178 2567 2525 2638 historicum
2579 2585 2714 2631 non

594 2667 845 2765 exciuit,
887 2676 1029 2748 quia
1066 2682 1173 2745 aut
1211 2679 1329 2735 fuit
1370 2682 1478 2738 aut
1517 2666 1650 2735 erit.

746 2777 993 2844 Aristot
1034 2763 1200 2854 Phys.
1234 2785 1274 2839 l.
1313 2785 1408 2837 IV.
1450 2804 1496 2837 c.
1538 2783 1625 2846 10
1709 2783 1900 2845 Omnis
1933 2783 2012 2836 rei
2043 2784 2328 2855 partibilis
2358 2800 2575 2858 neeesse
2608 2792 2711 2841 est,

754 2861 982 2934 quando
1015 2876 1121 2926 est,
1159 2877 1255 2916 aut
1285 2865 1551 2937 quasdam
1578 2877 1676 2916 aut
1708 2883 1899 2916 omnes
1930 2877 2112 2935 partes
2144 2884 2285 2917 esse:
2318 2862 2587 2935 temporis
2610 2878 2710 2915 au‘-

755 2953 866 2995 tem
910 2943 1053 2998 aliae
1083 2937 1337 3007 fuerunt,
1382 2946 1524 2997 aliae
1567 2964 1696 2997 vero
1739 2946 1957 3000 futurae
1992 2958 2153 2998 sunt·
2209 2946 2365 2997 nulla
2399 2956 2579 2995 autem
2611 2955 2708 2996 est.

751 3026 944 3092 Ipsum
982 3036 1164 3075 autem
1190 3025 1359 3084 Nunc
1406 3045 1513 3077 non
1553 3038 1630 3075 est
1665 3044 1811 3101 pars.

830 3101 985 3163 Ibid
1011 3105 1194 3164 ο.15.
1281 3104 1646 3157 Praeteritum
1696 3104 1844 3170 enim
1888 3101 2004 3172 jam
2045 3122 2158 3155 non
2203 3115 2308 3165 est,
2366 3115 2422 3154 et
2459 3103 2713 3160 futurum

706 3247 710 3251 .
751 3179 1004 3254 nondum
1037 3195 1136 3251 est.
1214 3184 1339 3244 Non
1369 3184 1557 3258 itaque
1598 3183 1873 3254 dicamus:
1912 3184 2142 3253 longum
2177 3196 2282 3244 est,
2334 3179 2431 3234 sed
2463 3181 2712 3248 dieamus

753 3242 824 3310 de
862 3261 1192 3330 praeterito:
1230 3262 1459 3333 longum
1484 3266 1639 3333 fuit,
1683 3275 1739 3315 et
1783 3247 1862 3314 de
1894 3263 2109 3314 futuro:
2160 3262 2392 3338 longum
2432 3265 2552 3316 erit.

1530 3382 1767 3446 XXIII·

713 3490 776 3565 3.
803 3472 924 3553 45.
1005 3497 1091 3568 In
1120 3482 1404 3570 tempore
1435 3496 1740 3566 historico
1775 3507 2026 3572 apparet
2055 3506 2286 3572 tempus
2316 3501 2533 3567 vivum
2565 3506 2707 3567 tau-

591 3614 769 3674 quam
810 3604 1151 3674 praesentia
1199 3608 1489 3677 copulans
1540 3604 1601 3677 g,
1631 3602 1737 3663 41.
1757 3622 1980 3680 ,quae
2014 3612 2106 3663 est
2140 3609 2202 3676 in
2244 3611 2397 3670 omni
2439 3612 2705 3680 tempore

589 3707 797 3794 eadem
838 3710 1028 3767 instar
1067 3713 1307 3790 puncti,
1350 3712 1529 3783 eujus
1569 3719 1731 3770 motu
1775 3714 2033 3770 trahitur
2071 3715 2251 3784 linea.

745 3815 948 3888 Hegels
986 3816 1326 3870 Phanomen.
1361 3815 1422 3877 S
1470 3819 1559 3871 26.
1641 3818 1751 3869 Das
1795 3818 1900 3870 Itzt
1956 3817 2031 3869 ist
2084 3819 2167 3894 als
2207 3816 2535 3870 bleibendes
2586 3816 2705 3869 und

745 3893 865 3947 sich
903 3893 1254 3949 erbaltendes
1288 3896 1463 3949 dadu
1484 3897 1600 3950 roh
1642 3898 1957 3957 bestimmt,
2002 3898 2125 3950 dass
2143 3885 2424 3958 anderes,
2472 3897 2573 3949 wie
2609 3897 2707 3949 der

742 3975 863 4048 Tag
909 3975 1027 4027 und
1075 3976 1168 4028 die
1199 3976 1405 4042 Nacht‚
1457 3978 1620 4030 nicht
1661 3978 1751 4035 ist
1835 3979 2011 4030 Dabei
2048 3978 2123 4030 ist
2164 3997 2220 4031 es
2267 3977 2397 4034 aber
2446 3977 2594 4029 noch
2643 3995 2703 4029 so

749 4054 998 4118 einfacb,
1036 4057 1119 4110 als
1164 4077 1356 4119 zuvor,
1406 4058 1577 4119 Itzt‚
1620 4058 1837 4118 undin
1884 4056 2063 4110 dieser
2094 4056 2457 4110 Einfachheit
2490 4057 2698 4129 gleich-

742 4135 930 4209 giiltig
970 4154 1140 4208 gegen
1188 4136 1308 4202 das,
1355 4156 1461 4190 was
1496 4138 1641 4190 noch
1682 4138 1772 4190 bei
1819 4137 1936 4189 ihm
1978 4138 2265 4210 herspielt.

820 4215 1076 4269 Platonis
1106 4215 1366 4276 Timaeus
1398 4238 1454 4289 p.
1503 4218 1612 4272 Fic.
1658 4217 1795 4270 529.
1876 4217 2032 4271 Fecit
2072 4216 2419 4271 aeternitatis
2465 4218 2532 4272 in
2576 4216 2701 4270 uni-

739 4305 854 4348 tate
893 4298 1172 4352 manentis
1212 4311 1491 4350 aeternam
1536 4296 1817 4370 quandam
1867 4297 1929 4350 in
1971 4316 2201 4351 numero
2255 4298 2523 4352 fluentem
2563 4298 2703 4352 ima-

695 4395 697 4400 <
737 4374 952 4446 ginemw,
994 4395 1159 4453 quam
1204 4397 1306 4434 nos
1339 4391 1558 4449 tempus
1594 4377 1928 4432 vocavimus.
