2950 5147
1445 502 1862 563 ...52—

600 665 945 745 praesentia
973 668 1221 755 aeterna
1258 660 1327 736 3.
1370 663 1520 739 5οἿ
1564 679 1641 722 ex
1660 679 1797 741 qua
1821 677 2076 722 neeesse
2106 667 2201 722 est
2227 663 2423 722 omnia
2446 667 2740 747 tempora

603 774 847 846 dimissa
872 787 1040 847 esse,
1076 773 1141 830 in
1182 787 1360 865 quam
1398 758 1653 863 neeesse
1687 774 1780 828 est
1825 771 2019 867 omnia
2056 775 2322 845 tempora
2358 772 2575 830 iterum
2613 790 2742 832 re-

603 885 840 968 ceptum
882 879 958 937 iri
998 875 1062 966 ᾗ.
1108 879 1229 937 47.

681 1006 796 1068 ΙΧ.
878 1004 1004 1063 Cur
1029 1000 1415 1077 praeteritum
1446 978 1680 1074 tempus
1715 1002 1965 1079 erescit,
2007 1017 2295 1073 praesens
2329 1017 2442 1059 non
2484 1002 2741 1077 erescit,

603 1109 715 1170 sed
752 1110 1062 1203 variatur,
1111 1112 1388 1168 futurum
1448 1124 1648 1199 neque
1706 1109 1926 1166 erescit
1981 1123 2181 1193 neque
2239 1108 2551 1183 variatur,
2610 1108 2738 1166 sed

601 1217 783 1305 plane
827 1198 1121 1289 ineertum
1164 1221 1288 1290 est,
1330 1218 1485 1273 omni
1525 1219 1715 1273 forma
1757 1212 2018 1280 carens?

719 1322 906 1393 Resp.
946 1323 1039 1377 est
1078 1320 1167 1377 in
1162 1302 1240 1391 Β
1285 1308 1402 1382 94.
1447 1317 1561 1376 95.
1606 1316 1765 1377 109.

633 1442 765 1536 Χ.
847 1444 973 1501 Cur
1006 1458 1292 1516 praesens
1325 1451 1452 1547 eat,
1491 1446 1765 1533 futurum
1800 1440 1912 1518 fic,
1948 1442 2335 1516 praeteritum
2363 1444 2579 1559 habet,
2616 1440 2738 1504 vel

602 1546 665 1607 in
705 1532 776 1607 se
815 1548 1118 1609 continet?
1250 1534 1257 1543 ’
1288 1526 1345 1559 '⁹
1400 1552 1409 1561 '

694 1657 1144 1739 Ἰ1,ὶιιι«ιιι.ῼιιίιι
1168 1657 1426 1737 mundus
1452 1656 1815 1727 existentiae
1850 1663 1977 1733 est,
2018 1655 2277 1721 mundus
2316 1656 2539 1727 yirium
2566 1654 2735 1723 non-‘-

606 1760 745 1820 dum
778 1767 909 1831 est,
947 1763 1056 1821 sed
1092 1746 1172 1835 fib
1194 1722 1278 1822 ἒιιι
1304 1760 1452 1821 'suis
1496 1763 1835 1837 effectibuS,
1890 1763 2149 1821 mundus
2187 1764 2517 1838 imaginum
2561 1766 2734 1822 reei-

603 1868 693 1957 pit
732 1873 794 1927 et
833 1869 1098 1926 eontinet
1120 1868 1181 1925 in
1220 1884 1289 1953 se
1324 1868 1554 1943 omnia,
1597 1883 1754 1941 quae
1785 1867 2107 1941 aliquando
2147 1870 2418 1931 fuerunt.
2500 1865 2564 1940 §-
2614 1869 2732 1928 92.

682 1993 797 2052 ΧῙ.
880 1966 1006 2053 Cur
1042 1993 1351 2064 praeteriti
1390 1998 1596 2065 partes
1646 1995 1925 2053 continuo
1969 1998 2278 2067 augentur
2318 1992 2484 2056 modo
2530 1990 2729 2077 addi-

605 2093 839 2172 tionis,
891 2092 1090 2171 futuri
1139 2103 1342 2171 partes
1384 2099 1662 2170 continuo
1704 2096 2138 2169 abscinduntur
2190 2098 2362 2167 modo
2414 2102 2731 2167 subtrac-

608 2199 849 2281 tionis,
919 2206 1264 2280 praesentia
1334 2210 1535 2263 autem
1620 2204 1980 2279 distenditur
2042 2206 2210 2276 modo
2276 2202 2728 2275 reieci-ationis

609 2305 1194 2384 (multiplicationis)
1217 2309 1250 2387 9
2045 2312 2052 2329 ’

721 2419 907 2497 Resp.
991 2418 1150 2489 fluia
1187 2394 1446 2499 mundus
1491 2419 1819 2492 imaginum
1861 2418 2157 2507 acquirit,
2195 2417 2454 2476 mundus
2502 2370 2727 2477 virium

604 2524 834 2605 perdit,
876 2525 1134 2584 mundus
1187 2525 1546 2584 existentiae
1601 2526 1917 2602 variatur,
1967 2525 2006 2582 i.
2049 2539 2100 2595 ιι.
2156 2523 2410 2583 iteratur
2440 2528 2729 2600 tanquam

605 2633 812 2693 eadem
853 2635 916 2693 in
956 2635 1080 2693 alia
1117 2635 1325 2692 forma.
1408 2631 1474 2705 3.
1521 2634 1636 2691 93.

683 2757 833 2839 ΧΠ.
917 2759 1044 2818 Cur
1079 2762 1354 2818 futurum
1393 2758 1595 2832 venit,
1634 2771 1925 2889 praesens
1965 2755 2280 2830 praeterit,
2331 2754 2726 2827 praeteritum

604 2866 726 2923 stat
765 2863 1111 2923 immobile?

720 2971 902 3040 Resp.
987 2970 1145 3038 Quia
1175 2968 1433 3027 mundus
1461 2968 1682 3040 virium
1711 2983 1858 3044 prov
1865 2967 1988 3024 emt
2005 2967 2064 3023 in
2091 2965 2486 3027 existentiam
2568 2966 2730 3023 Dum

600 3067 775 3129 venit
812 3075 874 3130 in
917 3074 1323 3146 existentiam,
1365 3073 1508 3129 huic
1541 3087 1738 3130 novae
1781 3071 2140 3129 existentiae
2176 3065 2338 3127 cedit
2363 3075 2544 3126 vetus
2585 3070 2730 3126 exi-

602 3177 823 3235 stentia
858 3183 920 3234 et
951 3179 1331 3250 praetorttifn
1361 3180 1805 3251 praeteritum,.
1827 3175 1930 3235 ubi
1968 3170 2368 3235 conservatur
2404 3190 2542 3233 oum
2585 3175 2730 3233 aliis

601 3280 667 3339 in
697 3280 996 3339 memoria.
1080 3276 1141 3350 §-
1188 3279 1303 3336 92.

680 3402 1068 3484 x111.cur
1105 3405 1381 3482 futurum
1423 3403 1525 3461 dat
1542 3417 1876 3479 ,praesens
1902 3405 2111 3480 sumit,
2141 3401 2528 3508 praeteritum
2566 3415 2730 3459 eon-

602 3500 895 3584 servat?

604 3597 615 3630 ³
720 3612 903 3685 Resp.
985 3612 1142 3683 fluia
1186 3612 1445 3672 mundus
1469 3614 1693 3671 virium
1731 3614 1834 3672 dat
1866 3615 2132 3672 actiones
2157 3629 2301 3671 suas
2327 3610 2544 3670 mundo
2581 3608 2734 3667 exi-

599 3717 858 3796 stentiae
874 3758 892 3791 ,
930 3716 1188 3795 mundus
1208 3718 1564 3796 existentiae
1592 3717 1774 3774 sumit
1794 3718 2245 3775 renovationem
2266 3731 2435 3772 suam
2454 3730 2490 3772 a
2503 3711 2732 3771 munda

599 3822 859 3903 virium,
903 3828 964 3881 et
989 3824 1246 3882 mundus
1276 3825 1594 3900 memoriae
1629 3828 1951 3894 conservat
1977 3839 2081 3899 ea,
2124 3838 2279 3897 quae
2309 3822 2424 3881 sibi
2451 3823 2738 3878 affluxe-
2765 3855 2768 3858 -

597 3935 743 4009 runt
784 3946 819 3989 e
855 3923 1074 4010 mundo
1117 3933 1299 4030 primo
1339 3947 1451 4020 per
1487 3934 1773 3992 mundum
1821 3931 2169 3990 seeundum.
2252 3932 2318 4004 ς
2364 3929 2480 3989 92.

678 4029 849 4116 XIV.
931 4055 1058 4114 Cur
1098 4072 1383 4136 praesens
1426 4059 1618 4132 currit
1658 4058 1849 4115 instar
1892 4058 2070 4114 navis
2111 4057 2218 4112 vel
2259 4054 2567 4128 animaliS,
2609 4049 2734 4109 fu-

596 4165 803 4241 turum
839 4162 997 4237 parit
1034 4163 1225 4221 instar
1276 4166 1484 4223 matris
1536 4166 1956 4272 existentium,
1996 4163 2385 4256 praeteritum
2439 4160 2735 4246 impletur

598 4264 791 4346 instar
840 4266 1131 4346 stomachi
1171 4266 1448 4346 edentis?
1641 4265 1644 4270 ’

716 4369 903 4443 neap.
946 4374 1039 4429 est
1076 4369 1139 4428 in
1180 4364 1449 4443 5102.
1497 4367 1863 4432 1oa.1o4.
