2950 5147
1088 400 1496 461 -31...

1253 639 1336 698 11.

457 759 552 826 ne
591 751 888 833 qualitate
931 760 1186 833 partium
1222 758 1503 833 temporis
1533 759 2126 818 transscendentalis.

830 914 847 933 ·
910 893 1395 979 Demonstratio
1441 893 1679 969 prima.

312 1078 316 1081 .
360 1011 538 1089 Sicut
582 1031 644 1090 in
692 1033 886 1105 spatio
939 1050 1242 1109 nunquam
1298 1036 1720 1109 cognoscimus
1765 1040 2050 1108 punctum
2092 1048 2199 1108 per
2248 1048 2356 1109 se,
2466 1068 2470 1073 ·

229 1138 462 1198 lineam
503 1154 611 1210 per
650 1154 752 1213 se,
815 1140 1118 1211 planitiem
1168 1157 1275 1213 per
1317 1157 1414 1216 se,
1449 1142 1557 1198 sed
1604 1147 1826 1214 puncta
1864 1143 2183 1215 composita
2222 1154 2357 1198 cum

226 1243 436 1316 lineiS,
469 1243 665 1299 lineas
697 1245 1048 1317 compositas
1074 1261 1208 1301 cum
1244 1246 1481 1317 punctis
1510 1250 1648 1323 etc.,
1691 1246 1779 1302 sic
1807 1248 1981 1303 etiam
2008 1247 2070 1303 in
2098 1251 2359 1318 tempore

226 1365 543 1422 nunquam
586 1342 1006 1422 cognoscimus
1048 1364 1334 1421 praesens
1380 1366 1489 1421 per
1530 1366 1630 1422 se,
1672 1351 2058 1422 praeteritum
2108 1366 2216 1422 per
2259 1348 2358 1425 s'e,

228 1461 512 1516 futurum
555 1471 664 1528 per
707 1471 806 1528 se,
846 1452 958 1513 sed
1003 1442 1425 1530 cognoscimus
1472 1472 1707 1527 semper
1748 1456 1896 1513 baec
1947 1459 2060 1514 tria
2100 1455 2362 1513 membra

233 1562 296 1620 in
329 1566 496 1619 statu
542 1559 989 1619 combinationis
1023 1563 1423 1634 arctissimae3
1446 1596 1524 1606 —
1549 1565 1778 1636 illaque
1816 1564 2053 1635 quidem
2085 1569 2363 1637 tanquam

235 1668 505 1731 membra
535 1669 847 1726 commixta
880 1652 952 1726 ¹et
992 1672 1301 1726 transfusa
1337 1670 1396 1726 in
1436 1675 1683 1727 aeterna
1723 1670 1880 1726 serie
1913 1670 2191 1741 temporis
2228 1669 2365 1725 his-

239 1775 453 1849 torici,
494 1775 724 1848 illaque
756 1779 956 1833 autem
990 1782 1271 1850 tanquam
1303 1774 1564 1833 membra
1604 1777 1908 1850 distincta,
1950 1775 2059 1832 sed
2101 1780 2268 1832 certa
2303 1779 2365 1833 et

251 1883 603 1940 necessaria
672 1885 1047 1955 proportione
1118 1885 1277 1941 inter
1328 1899 1398 1941 se
1466 1884 1847 1941 cohaerentia
1907 1883 1967 1940 in
2026 1881 2367 1955 praesentia

253 1989 456 2049 mobili
500 1994 561 2046 et
602 1978 884 2048 variabili
926 1992 1209 2063 temporis
1250 1991 1405 2048 vivi.
1486 1993 1663 2049 Mera
1705 1989 2084 2061 Praesentia,
2139 2003 2367 2045 merum

248 2096 682 2171 Praeteritum,
724 2105 947 2153 merum
991 2099 1288 2154 Futurum
1327 2113 1442 2154 non
1487 2098 1911 2175 cognoscitur,
1956 2112 2067 2154 nec
2108 2096 2169 2153 in
2209 2100 2368 2153 tem-

243 2215 388 2275 pore
430 2201 613 2274 vivo,
655 2215 770 2257 nec
811 2201 871 2257 in
916 2204 1181 2272 tempore
1221 2200 1526 2264 historico.

367 2323 471 2381 Ad
511 2324 1040 2399 investigandum,
1100 2339 1396 2399 quaenam
1436 2325 1516 2382 sit
1557 2328 1772 2381 natura
1814 2324 2023 2380 horum
2072 2320 2371 2380 membro-

249 2443 420 2508 rum,
479 2430 533 2485 si
584 2445 700 2502 per
746 2446 814 2487 se
873 2433 933 2487 et
991 2435 1162 2487 extra
1222 2433 1407 2488 ullam
1468 2433 1819 2500 relationem
1878 2408 2371 2505 considerentur,

256 2550 691 2611 supponamus,
733 2552 895 2616 qnae¹
931 2537 992 2595 in
1036 2542 1298 2610 tempore
1337 2537 1487 2594 vivo
1530 2536 2012 2609 observavimus,
2053 2550 2295 2609 nempe:
2347 2608 2371 2635 ο

380 2656 447 2731 S.
482 2660 600 2722 73.
684 2656 1069 2719 Praesentia
1107 2673 1216 2733 per
1254 2676 1322 2717 se
1364 2665 1457 2717 est
1498 2661 1842 2718 Existentia
1881 2657 1947 2728 §-
1989 2659 2103 2717 57.
2213 2673 2214 2676 ’

382 2763 820 2825 Praeteritum
861 2783 972 2840 per
1011 2783 1079 2823 se
1122 2771 1214 2823 est
1254 2767 1567 2825 Memoria.
1610 2768 1679 2837 §-
1703 2766 1825 2839 582
1873 2839 1878 2842 Ι
2148 2843 2155 2849 α

379 2855 706 2946 Futurum
747 2890 857 2946 per
891 2885 959 2930 se
1003 2878 1096 2930 est
1135 2854 1554 2944 Exspectat'io,
1596 2866 2075 2927 praemeditatio.
2109 2865 2170 2940 S.
2215 2867 2332 2927 59.

382 2976 738 3050 Videamus,
781 2994 860 3035 an
901 2980 1013 3035 hoc
1053 2979 1241 3050 possit
1280 2978 1373 3034 sic·
1409 2992 1478 3033 se
1524 2974 1779 3033 habere:

385 3096 450 3171 S.
497 3101 610 3159 74.
696 3098 1149 3161 Praesentiam
1184 3118 1306 3173 per
1343 3118 1413 3159 se
1471 3106 1706 3173 oportet
1757 3115 1892 3158 esse
1946 3099 2376 3175 praesentiam,

269 3219 424 3278 quae
465 3220 580 3262 non
624 3205 959 3263 modificata
1002 3211 1126 3280 est,
1167 3221 1280 3262 nec
1321 3222 1359 3262 a
1399 3206 1753 3279 praeterito,
1797 3220 1910 3262 nec
1947 3221 1984 3262 a
2022 3208 2250 3263 futuro.

386 3309 824 3371 Praeteritum
861 3328 985 3386 per
1024 3297 1095 3370 se
1134 3316 1363 3385 oportet
1407 3328 1543 3369 esse
1585 3312 2004 3383 praeteritum,
2063 3297 2221 3384 quod
2262 3327 2380 3370 nou

268 3417 665 3476 modificatum
707 3425 832 3495 est,
871 3435 1072 3493 neque
1112 3436 1149 3475 a
1187 3421 1522 3502 praesenti,
1562 3434 1760 3492 neque
1801 3434 1838 3475 a
1877 3421 2104 3476 futuro.

385 3520 717 3582 Futurum
753 3537 875 3595 per
913 3540 982 3581 se
1023 3529 1252 3595 oportet
1296 3539 1433 3581 esse
1473 3527 1784 3598 futurum,
1828 3511 1987 3595 quod
2028 3537 2143 3579 non
2186 3521 2382 3582 modi-
2423 3529 2428 3540 '

269 3629 509 3686 ficatum
551 3632 677 3703 est,
717 3644 916 3701 neque
959 3644 997 3684 a
1034 3628 1390 3703 praeterito,
1431 3642 1630 3702 neque
1671 3643 1709 3683 a
1751 3627 2066 3699 praesenti.

396 3744 462 3819 §-
502 3746 616 3806 75.
698 3745 1015 3807 Memoria
1078 3749 1411 3806 modificata
1482 3754 1575 3806 est
1637 3764 1875 3821 semper
1930 3747 2004 3806 ab
2064 3748 2383 3807 existentia

279 3849 554 3922 quadam.
635 3852 792 3911 Nam
844 3853 1124 3910 memoria
1174 3853 1295 3927 rei,
1349 3853 1452 3910 cui
1508 3845 1811 3925 nunquam
1864 3854 2181 3925 existentia
2231 3869 2383 3911 con-

258 3956 584 4031 'venisset,
624 3958 798 4016 nulla
839 3962 1002 4016 esset
1038 3957 1383 4049 memoria,
1410 3955 1520 4014 sed
1578 3957 1780 4031 imago
1835 3957 2185 4030 phantasiae
2232 3973 2383 4050 pro-

277 4063 589 4122 ductivae.

400 4167 469 4241 §a
494 4171 612 4227 763
651 4167 1036 4232 Eminentia
1073 4186 1308 4244 semper
1340 4169 1674 4228 modificata
1717 4174 1811 4228 est
1855 4167 1930 4226 ab
1956 4153 2230 4226 intuendi
2275 4171 2384 4228 fa..

277 4277 546 4354 cultate,
579 4290 737 4352 quae
775 4274 1212 4349 rebus-per-se
1251 4274 1540 4332 immiscet
1579 4271 1809 4362 aliquid
1844 4266 2265 4347 ’imaginarium
2305 4289 2383 4332 ex
2453 4324 2459 4331 .
